1934 3248
139 137 196 175 74
644 133 935 177 EUTROPII
967 135 1272 180 HISTORIAE

138 250 354 302 cederet.
427 251 479 302 Is
516 252 640 303 vixit
691 270 848 304 annos
896 256 1153 325 sexaginta
1209 268 1456 325 quatuor3
1519 258 1782 325 imperavit

138 323 554 444 quattlilordecim:
615 339 730 393 post
782 338 998 377 mortem
1047 344 1366 381 consecratus
1404 341 1496 391 est,
1535 330 1781 396 divusque

137 413 264 463 appe
307 407 432 446 atuS.

205 467 461 519 Successit
478 468 597 518 huic
615 468 774 530 Nem,
795 469 1059 539 Caligulae,
1080 474 1329 523 avunculo
1349 490 1459 534 su0,
1477 472 1781 533 simillimus,

136 539 225 606 qui
268 540 538 609 imperium
577 540 873 591 Romanum
914 555 965 592 et
991 543 1290 594 deformavit
1314 558 1363 596 et
1390 547 1667 606 diminuit3
1706 545 1781 593 in-

136 612 331 663 usitatae
382 612 596 663 luxuriae
648 628 1069 682 sumptuumque,
1123 628 1177 665 ut
1227 617 1333 684 qui,
1384 619 1615 684 exemplo
1670 615 1782 666 Caii

135 682 404 754 Caligulae,
430 684 605 735 calidis
630 697 680 735 et
705 685 900 756 frigidis
938 704 990 737 se
1033 688 1219 738 lavaret
1245 690 1516 757 unguentis
1538 710 1553 750 3
1592 689 1782 740 retibus

133 759 298 808 aureis
325 758 617 826 piscaretur,
657 776 771 824 quae
812 758 1007 810 blatteis
1033 758 1242 811 funibus
1276 761 1584 811 extrahebat.
1659 759 1781 810 Infi-

133 831 293 880 nitam
318 843 511 898 partem
551 829 755 880 senatus
799 831 1067 884 interfecit.
1144 832 1300 884 Bonis
1343 834 1578 884 omnibus
1621 832 1781 883 hostis

132 901 246 952 fuit.
324 904 409 952 Ad
434 915 748 970 postremum
771 920 822 952 se
850 917 988 954 tanto
1015 905 1259 956 dedecore
1288 907 1562 974 prostituit,
1589 918 1644 954 ut
1687 906 1790 974 sal-¹

131 987 258 1025 taret
284 988 335 1026 et
374 987 596 1026 cantaret
636 975 687 1024 in
731 975 880 1026 scena
915 977 1234 1028 citharaedico
1271 979 1446 1029 habitu
1485 992 1534 1028 et
1573 977 1778 1046 tragico·

130 1047 403 1098 Parricidia
430 1049 587 1097 multa
613 1050 886 1109 commisit,
914 1049 1085 1112 fratre,
1113 1067 1288 1112 uxore,
1307 1065 1463 1101 matre
1485 1048 1777 1102 interfectis.

131 1121 335 1171 Urbem
380 1121 602 1170 Romam
646 1122 888 1183 incendit,
929 1134 986 1173 ut
1036 1125 1310 1190 spectaculi
1354 1125 1464 1194 ejus
1508 1123 1779 1193 imaginem

132 1205 378 1256 cerneret,
405 1193 548 1260 quasi
575 1192 694 1242 olim
723 1194 772 1242 T
775 1195 881 1263 roja
908 1207 1053 1262 capta
1079 1210 1280 1247 arserat.

201 1265 264 1315 In
310 1282 363 1316 re
410 1265 613 1314 militari
659 1265 784 1322 nihil
823 1268 1031 1318 omnino
1071 1286 1243 1327 ausus,
1291 1268 1603 1318 Britanniam
1652 1265 1782 1334 pene

132 1337 330 1399 amisit3
384 1356 502 1387 nam
545 1338 648 1387 duo
692 1338 785 1388 sub
824 1338 926 1390 hoc
961 1339 1270 1392 nobilissima
1298 1342 1482 1408 oppida
1509 1352 1653 1407 capta
1678 1339 1779 1389 illic

131 1422 285 1478 atque
323 1428 492 1461 eversa
530 1424 662 1460 sunt.
741 1412 1039 1462 Armeniam
1065 1412 1239 1463 Parthi
1267 1416 1598 1472 sustulerunt,
1624 1412 1781 1480 legio-

132 1500 324 1550 nesque
351 1483 611 1533 Romanas
638 1482 730 1533 sub
760 1485 944 1554 jugum
971 1486 1233 1536 miserunt.
1307 1486 1442 1537 Duae
1470 1498 1638 1536 tamen
1666 1500 1779 1551 pro-

132 1557 310 1606 vinciae
355 1556 448 1607 sub
499 1573 560 1605 eo
607 1555 755 1606 factae
796 1570 932 1618 sunt,
976 1557 1169 1609 Pontus
1207 1559 1614 1618 Polemoniacus,
1659 1573 1777 1606 con-

133 1630 345 1680 cedente
370 1646 485 1698 rege
511 1628 809 1691 Polemone,
832 1643 882 1680 et
910 1631 1090 1697 Alpes,
1117 1631 1289 1682 Cottio
1316 1650 1432 1700 rege
1459 1631 1719 1681 defuncto.

203 1701 418 1769 Propter
461 1700 557 1752 hoc
606 1701 857 1753 Romanae
909 1703 1020 1753 urbi
1068 1704 1378 1765 execrabilis,
1430 1704 1490 1753 ab
1544 1700 1779 1752 omnibus

134 1774 285 1825 simul
311 1773 601 1833 destitutus,
626 1785 676 1824 et
703 1793 730 1823 a
758 1786 933 1825 senatu
971 1776 1130 1826 hostis
1151 1777 1426 1845 judicatus,
1455 1792 1614 1843 quum
1641 1790 1780 1840 quae-

132 1860 326 1897 reretur
365 1848 426 1897 ad
470 1863 696 1914 poenam,
743 1851 879 1914 (quae
920 1865 1073 1915 poena
1101 1860 1205 1899 erat
1243 1849 1371 1907 talis,
1400 1859 1472 1909 ut,
1500 1849 1666 1897 nudus
1692 1862 1781 1913 per

134 1919 396 1988 publicum
440 1920 643 1979 ductus,
670 1918 813 1970 furca
855 1921 1007 1988 capiti
1047 1921 1156 1989 ejus
1198 1920 1400 1981 inserta,
1427 1921 1579 1988 virgis
1620 1935 1779 1984 usque

134 1993 198 2042 ad
225 2004 438 2042 mortem
466 1993 760 2053 caederetur,
787 2004 938 2059 atque
964 1995 1030 2043 ita
1058 1995 1454 2060 praecipitaretur
1479 1994 1541 2043 de
1568 1994 1728 2058 saxo,)
1755 2007 1781 2038 e

132 2065 318 2132 palatio
344 2064 496 2133 fugit,
520 2077 570 2114 et
597 2065 648 2114 in
676 2065 965 2115 suburbano
990 2083 1041 2116 se
1067 2066 1230 2116 liberti
1255 2067 1350 2127 sui,
1389 2066 1524 2134 quod
1553 2076 1627 2115 est
1652 2065 1781 2113 inter

133 2137 377 2188 Salariam
416 2149 465 2186 et
492 2136 869 2187 Nomentanam
895 2139 1048 2200 viam,
1075 2140 1135 2188 ad
1163 2153 1400 2206 quartum
1430 2138 1564 2187 urbis
1599 2135 1777 2186 millia-

133 2210 284 2272 rium,
312 2209 578 2261 interfecit.
655 2210 705 2260 Is
745 2210 1011 2262 aedificavit
1051 2211 1234 2262 Romae
1261 2212 1498 2271 thermas,
1526 2227 1639 2277 quae
1665 2206 1780 2258 ante
1839 2256 1843 2257 ⁷

133 2387 307 2444 though
345 2387 400 2428 he
435 2384 628 2441 thought
665 2384 758 2427 him
783 2385 927 2428 deser·
1047 2386 1230 2444 Propter
1274 2388 1358 2441 hoc,
1400 2400 1457 2429 on
1499 2394 1688 2428 account
1735 2384 1787 2426 of

134 2447 242 2502 ving
264 2446 311 2488 οῖ’
331 2453 502 2503 greater
520 2443 662 2485 honor
679 2445 785 2485 than
811 2445 926 2487 him-
987 2444 1112 2488 these
1136 2448 1268 2488 vices.

133 2504 230 2547 sels.
1044 2504 1312 2552 Quaereretur
1340 2506 1393 2546 ad
1414 2519 1588 2560 poenam,
1611 2502 1668 2545 he
1689 2515 1778 2543 was

196 2563 252 2606 Ut
273 2562 357 2617 qui,
379 2574 426 2603 so
452 2560 547 2602 that
570 2559 626 2602 he
649 2573 776 2603 even.
985 2564 1148 2618 sought
1175 2563 1241 2605 for
1279 2573 1322 2605 to
1367 2563 1417 2605 be
1451 2562 1519 2605 led
1543 2571 1589 2604 to
1623 2573 1780 2602 execu-

192 2624 356 2665 Pontus
432 2619 760 2671 Polemoniacus,
849 2619 925 2662 the
987 2620 1099 2663 tion.

132 2679 349 2737 kingdom
372 2676 421 2719 of
439 2678 609 2719 Pontus
632 2691 721 2718 was
745 2677 924 2721 divided
1042 2679 1247 2722 Salariam
1267 2686 1308 2721 et
1340 2679 1636 2722 Nomentanam
1656 2676 1775 2725 viam,

129 2739 225 2781 into
267 2738 436 2779 Pontus
475 2735 722 2788 Galaticus,
759 2736 928 2780 Pontus
989 2744 1074 2779 two
1092 2737 1218 2780 reads
1239 2737 1418 2794 leading
1436 2737 1546 2779 from
1572 2738 1713 2778 Rome
1733 2740 1780 2776 to

132 2796 489 2899 Ροὲεῐῃοωίειωε,
506 2795 593 2838 and
619 2795 790 2838 Pontus
811 2796 929 2853 Cap·
989 2795 1065 2839 the
1085 2804 1271 2853 country
1287 2797 1336 2841 of
1354 2798 1430 2840 the
1450 2795 1649 2841 SabineS.

131 2869 185 2912 pa
219 2867 357 2900 ocius,
