<?xml version="1.0" encoding="UTF-8"?>
<!DOCTYPE html PUBLIC "-//W3C//DTD XHTML 1.0 Transitional//EN"
    "http://www.w3.org/TR/xhtml1/DTD/xhtml1-transitional.dtd">
<html xmlns="http://www.w3.org/1999/xhtml" xml:lang="en" lang="en">
 <head>
  <title>
</title>
<meta http-equiv="Content-Type" content="text/html;charset=utf-8" />
  <meta name='ocr-system' content='tesseract 3.04.00' />
  <meta name='ocr-capabilities' content='ocr_page ocr_carea ocr_par ocr_line ocrx_word'/>
</head>
<body>
  <div class='ocr_page' id='page_1' title='image "./historiaeromanae00eutruoft_0056.png"; bbox 0 0 1934 3248; ppageno 0'>
   <div class='ocr_carea' id='block_1_1' title="bbox 168 159 1288 208">
    <p class='ocr_par' dir='ltr' id='par_1_1' title="bbox 168 159 1288 208">
     <span class='ocr_line' id='line_1_1' title="bbox 168 159 1288 208; baseline 0.002 -7"><span class='ocrx_word' id='word_1_1' title='bbox 168 170 223 208; x_wconf 78' lang='lat'>42</span> <span class='ocrx_word' id='word_1_2' title='bbox 660 160 951 205; x_wconf 87' lang='lat' dir='ltr'><strong>EUTROPII</strong></span> <span class='ocrx_word' id='word_1_3' title='bbox 985 159 1288 204; x_wconf 77' lang='lat' dir='ltr'><strong>HISTORIAE</strong></span> 
     </span>
    </p>
   </div>
   <div class='ocr_carea' id='block_1_2' title="bbox 122 278 1843 2737">
    <p class='ocr_par' dir='ltr' id='par_1_2' title="bbox 167 278 1821 998">
     <span class='ocr_line' id='line_1_2' title="bbox 167 278 1808 350; baseline 0.002 -19"><span class='ocrx_word' id='word_1_4' title='bbox 167 281 420 331; x_wconf 82' lang='lat' dir='ltr'>volentem</span> <span class='ocrx_word' id='word_1_5' title='bbox 464 279 557 330; x_wconf 86' lang='lat' dir='ltr'>sibi</span> <span class='ocrx_word' id='word_1_6' title='bbox 599 281 661 329; x_wconf 92' lang='lat' dir='ltr'>ad</span> <span class='ocrx_word' id='word_1_7' title='bbox 694 281 846 347; x_wconf 89' lang='lat' dir='ltr'>pedes</span> <span class='ocrx_word' id='word_1_8' title='bbox 872 281 1047 331; x_wconf 88' lang='lat' dir='ltr'>cadere</span> <span class='ocrx_word' id='word_1_9' title='bbox 1073 297 1175 330; x_wconf 92' lang='lat' dir='ltr'>non</span> <span class='ocrx_word' id='word_1_10' title='bbox 1202 278 1448 346; x_wconf 84' lang='lat' dir='ltr'>permisit,</span> <span class='ocrx_word' id='word_1_11' title='bbox 1474 280 1560 330; x_wconf 90' lang='lat' dir='ltr'>sed</span> <span class='ocrx_word' id='word_1_12' title='bbox 1582 280 1725 350; x_wconf 83' lang='lat' dir='ltr'>juxta</span> <span class='ocrx_word' id='word_1_13' title='bbox 1752 298 1808 334; x_wconf 80' lang='lat' dir='ltr'>se</span> 
     </span>
     <span class='ocr_line' id='line_1_3' title="bbox 168 350 1810 422; baseline 0.001 -19"><span class='ocrx_word' id='word_1_14' title='bbox 168 355 221 403; x_wconf 86' lang='lat' dir='ltr'>in</span> <span class='ocrx_word' id='word_1_15' title='bbox 243 350 362 404; x_wconf 73' lang='lat' dir='ltr'>sell&#39;a</span> <span class='ocrx_word' id='word_1_16' title='bbox 386 352 664 402; x_wconf 88' lang='lat' dir='ltr'>collocavit.</span> <span class='ocrx_word' id='word_1_17' title='bbox 741 352 1108 403; x_wconf 83' lang='lat' dir='ltr'>Macedonibus</span> <span class='ocrx_word' id='word_1_18' title='bbox 1135 364 1184 402; x_wconf 94' lang='lat' dir='ltr'>et</span> <span class='ocrx_word' id='word_1_19' title='bbox 1208 353 1388 422; x_wconf 83' lang='lat' dir='ltr'>Illyriis</span> <span class='ocrx_word' id='word_1_20' title='bbox 1413 352 1492 402; x_wconf 76' lang='lat' dir='ltr'>hae</span> <span class='ocrx_word' id='word_1_21' title='bbox 1519 354 1653 421; x_wconf 88' lang='lat' dir='ltr'>leges</span> <span class='ocrx_word' id='word_1_22' title='bbox 1679 356 1810 405; x_wconf 85' lang='lat' dir='ltr'>datae</span> 
     </span>
     <span class='ocr_line' id='line_1_4' title="bbox 169 424 1808 492; baseline 0 -16"><span class='ocrx_word' id='word_1_23' title='bbox 169 439 306 485; x_wconf 86' lang='lat' dir='ltr'>sunt,</span> <span class='ocrx_word' id='word_1_24' title='bbox 337 438 392 474; x_wconf 90' lang='lat' dir='ltr'>ut</span> <span class='ocrx_word' id='word_1_25' title='bbox 419 424 561 474; x_wconf 90' lang='lat' dir='ltr'>liberi</span> <span class='ocrx_word' id='word_1_26' title='bbox 577 437 759 485; x_wconf 90' lang='lat' dir='ltr'>essent,</span> <span class='ocrx_word' id='word_1_27' title='bbox 784 438 832 474; x_wconf 92' lang='lat' dir='ltr'>et</span> <span class='ocrx_word' id='word_1_28' title='bbox 858 425 1124 474; x_wconf 88' lang='lat' dir='ltr'>dimidium</span> <span class='ocrx_word' id='word_1_29' title='bbox 1150 442 1325 475; x_wconf 90' lang='lat' dir='ltr'>eorum</span> <span class='ocrx_word' id='word_1_30' title='bbox 1354 424 1656 475; x_wconf 89' lang='lat' dir='ltr'>tributorum</span> <span class='ocrx_word' id='word_1_31' title='bbox 1682 444 1808 492; x_wconf 86' lang='lat' dir='ltr'>prae-</span> 
     </span>
     <span class='ocr_line' id='line_1_5' title="bbox 170 497 1811 566; baseline -0.001 -19"><span class='ocrx_word' id='word_1_32' title='bbox 170 508 375 558; x_wconf 85' lang='lat' dir='ltr'>starent,</span> <span class='ocrx_word' id='word_1_33' title='bbox 401 515 514 563; x_wconf 83' lang='lat' dir='ltr'>quae</span> <span class='ocrx_word' id='word_1_34' title='bbox 541 497 741 566; x_wconf 88' lang='lat' dir='ltr'>regibus</span> <span class='ocrx_word' id='word_1_35' title='bbox 768 497 1110 563; x_wconf 85' lang='lat' dir='ltr'>praestitissent</span> <span class='ocrx_word' id='word_1_36' title='bbox 1132 517 1147 556; x_wconf 79' lang='lat'>3</span> <span class='ocrx_word' id='word_1_37' title='bbox 1186 509 1241 546; x_wconf 91' lang='lat' dir='ltr'>ut</span> <span class='ocrx_word' id='word_1_38' title='bbox 1262 511 1536 564; x_wconf 86' lang='lat' dir='ltr'>appareret,</span> <span class='ocrx_word' id='word_1_39' title='bbox 1563 499 1811 565; x_wconf 86' lang='lat' dir='ltr'>populum</span> 
     </span>
     <span class='ocr_line' id='line_1_6' title="bbox 171 567 1813 637; baseline 0 -19"><span class='ocrx_word' id='word_1_40' title='bbox 171 569 467 619; x_wconf 89' lang='lat' dir='ltr'>Romanum</span> <span class='ocrx_word' id='word_1_41' title='bbox 495 586 584 637; x_wconf 93' lang='lat' dir='ltr'>pro</span> <span class='ocrx_word' id='word_1_42' title='bbox 622 569 857 635; x_wconf 76' lang='lat' dir='ltr'>aequitate</span> <span class='ocrx_word' id='word_1_43' title='bbox 894 568 1054 637; x_wconf 84' lang='lat' dir='ltr'>magis</span> <span class='ocrx_word' id='word_1_44' title='bbox 1093 567 1248 634; x_wconf 66' lang='lat' dir='ltr'>quam</span> <span class='ocrx_word' id='word_1_45' title='bbox 1288 587 1378 635; x_wconf 89' lang='lat' dir='ltr'>pro</span> <span class='ocrx_word' id='word_1_46' title='bbox 1423 569 1625 620; x_wconf 67' lang='lat' dir='ltr'>avaritia</span> <span class='ocrx_word' id='word_1_47' title='bbox 1664 570 1813 619; x_wconf 85' lang='lat' dir='ltr'>dimi-</span> 
     </span>
     <span class='ocr_line' id='line_1_7' title="bbox 172 640 1815 709; baseline 0.001 -18"><span class='ocrx_word' id='word_1_48' title='bbox 172 658 318 692; x_wconf 88' lang='lat' dir='ltr'>care:</span> <span class='ocrx_word' id='word_1_49' title='bbox 357 653 506 709; x_wconf 90' lang='lat' dir='ltr'>atque</span> <span class='ocrx_word' id='word_1_50' title='bbox 547 640 598 689; x_wconf 91' lang='lat' dir='ltr'>in</span> <span class='ocrx_word' id='word_1_51' title='bbox 642 653 895 690; x_wconf 88' lang='lat' dir='ltr'>conventu</span> <span class='ocrx_word' id='word_1_52' title='bbox 933 640 1247 690; x_wconf 89' lang='lat' dir='ltr'>infinitorum</span> <span class='ocrx_word' id='word_1_53' title='bbox 1288 642 1592 708; x_wconf 91' lang='lat' dir='ltr'>populorum</span> <span class='ocrx_word' id='word_1_54' title='bbox 1624 642 1815 692; x_wconf 82' lang='lat' dir='ltr'>Paulus</span> 
     </span>
     <span class='ocr_line' id='line_1_8' title="bbox 173 712 1817 782; baseline 0.001 -20"><span class='ocrx_word' id='word_1_55' title='bbox 173 713 282 764; x_wconf 78' lang='lat' dir='ltr'>haec</span> <span class='ocrx_word' id='word_1_56' title='bbox 309 712 655 779; x_wconf 86' lang='lat' dir='ltr'>pronunciavit</span> <span class='ocrx_word' id='word_1_57' title='bbox 679 733 694 774; x_wconf 78' lang='lat'>3</span> <span class='ocrx_word' id='word_1_58' title='bbox 734 724 784 763; x_wconf 91' lang='lat' dir='ltr'>et</span> <span class='ocrx_word' id='word_1_59' title='bbox 809 713 1081 780; x_wconf 80' lang='lat' dir='ltr'>legationes</span> <span class='ocrx_word' id='word_1_60' title='bbox 1130 714 1404 762; x_wconf 90' lang='lat' dir='ltr'>multarum</span> <span class='ocrx_word' id='word_1_61' title='bbox 1430 714 1677 781; x_wconf 85' lang='lat' dir='ltr'>gentium,</span> <span class='ocrx_word' id='word_1_62' title='bbox 1702 731 1817 782; x_wconf 85' lang='lat' dir='ltr'>quae</span> 
     </span>
     <span class='ocr_line' id='line_1_9' title="bbox 175 784 1819 854; baseline -0.001 -18"><span class='ocrx_word' id='word_1_63' title='bbox 175 786 239 836; x_wconf 93' lang='lat' dir='ltr'>ad</span> <span class='ocrx_word' id='word_1_64' title='bbox 265 802 382 835; x_wconf 90' lang='lat' dir='ltr'>eum</span> <span class='ocrx_word' id='word_1_65' title='bbox 409 796 663 849; x_wconf 88' lang='lat' dir='ltr'>venerant,</span> <span class='ocrx_word' id='word_1_66' title='bbox 690 784 1187 854; x_wconf 88' lang='lat' dir='ltr'>magnificentissimo</span> <span class='ocrx_word' id='word_1_67' title='bbox 1207 786 1341 852; x_wconf 89' lang='lat' dir='ltr'>pavit</span> <span class='ocrx_word' id='word_1_68' title='bbox 1361 785 1819 846; x_wconf 78' lang='lat' dir='ltr'>convivio,&#39;dicens,</span> 
     </span>
     <span class='ocr_line' id='line_1_10' title="bbox 180 856 1821 927; baseline -0.001 -20"><span class='ocrx_word' id='word_1_69' title='bbox 180 858 407 927; x_wconf 90' lang='lat' dir='ltr'>ejusdem</span> <span class='ocrx_word' id='word_1_70' title='bbox 433 857 651 907; x_wconf 88' lang='lat' dir='ltr'>hominis</span> <span class='ocrx_word' id='word_1_71' title='bbox 676 875 782 908; x_wconf 87' lang='lat' dir='ltr'>esse</span> <span class='ocrx_word' id='word_1_72' title='bbox 811 857 1010 919; x_wconf 89' lang='lat' dir='ltr'>debere,</span> <span class='ocrx_word' id='word_1_73' title='bbox 1037 871 1086 908; x_wconf 91' lang='lat' dir='ltr'>et</span> <span class='ocrx_word' id='word_1_74' title='bbox 1111 856 1244 907; x_wconf 86' lang='lat' dir='ltr'>bello</span> <span class='ocrx_word' id='word_1_75' title='bbox 1284 857 1501 920; x_wconf 87' lang='lat' dir='ltr'>vincere,</span> <span class='ocrx_word' id='word_1_76' title='bbox 1528 869 1576 908; x_wconf 89' lang='lat' dir='ltr'>et</span> <span class='ocrx_word' id='word_1_77' title='bbox 1606 857 1821 910; x_wconf 82' lang='lat' dir='ltr'>convivii</span> 
     </span>
     <span class='ocr_line' id='line_1_11' title="bbox 177 930 875 998; baseline 0 -18"><span class='ocrx_word' id='word_1_78' title='bbox 177 943 417 998; x_wconf 85' lang='lat' dir='ltr'>apparatu</span> <span class='ocrx_word' id='word_1_79' title='bbox 444 930 723 998; x_wconf 89' lang='lat' dir='ltr'>elegantem</span> <span class='ocrx_word' id='word_1_80' title='bbox 751 947 875 980; x_wconf 84' lang='lat' dir='ltr'>esse.</span> 
     </span>
    </p>

    <p class='ocr_par' dir='ltr' id='par_1_3' title="bbox 122 1000 1824 1216">
     <span class='ocr_line' id='line_1_12' title="bbox 250 1000 1821 1070; baseline 0.001 -19"><span class='ocrx_word' id='word_1_81' title='bbox 250 1002 392 1069; x_wconf 11' lang='lat' dir='ltr'>Mox*</span> <span class='ocrx_word' id='word_1_82' title='bbox 425 1003 737 1070; x_wconf 88' lang='lat' dir='ltr'>septuaginta</span> <span class='ocrx_word' id='word_1_83' title='bbox 781 1002 1002 1052; x_wconf 90' lang='lat' dir='ltr'>civitates</span> <span class='ocrx_word' id='word_1_84' title='bbox 1043 1000 1201 1068; x_wconf 88' lang='lat' dir='ltr'>Epiri,</span> <span class='ocrx_word' id='word_1_85' title='bbox 1228 1018 1341 1067; x_wconf 73' lang='lat' dir='ltr'>quae</span> <span class='ocrx_word' id='word_1_86' title='bbox 1379 1000 1694 1064; x_wconf 67' lang='lat' dir='ltr'>rebellarant,</span> <span class='ocrx_word' id='word_1_87' title='bbox 1737 1019 1821 1052; x_wconf 91' lang='lat' dir='ltr'>ce-</span> 
     </span>
     <span class='ocr_line' id='line_1_13' title="bbox 180 1073 1824 1143; baseline 0.001 -20"><span class='ocrx_word' id='word_1_88' title='bbox 180 1073 287 1142; x_wconf 81' lang='lat' dir='ltr'>pit3</span> <span class='ocrx_word' id='word_1_89' title='bbox 327 1075 547 1142; x_wconf 82' lang='lat' dir='ltr'>praedam</span> <span class='ocrx_word' id='word_1_90' title='bbox 581 1074 821 1125; x_wconf 85' lang='lat' dir='ltr'>militibus</span> <span class='ocrx_word' id='word_1_91' title='bbox 860 1073 1127 1124; x_wconf 88' lang='lat' dir='ltr'>distribuit.</span> <span class='ocrx_word' id='word_1_92' title='bbox 1204 1073 1427 1123; x_wconf 87' lang='lat' dir='ltr'>Romam</span> <span class='ocrx_word' id='word_1_93' title='bbox 1469 1091 1588 1124; x_wconf 92' lang='lat' dir='ltr'>cum</span> <span class='ocrx_word' id='word_1_94' title='bbox 1632 1074 1824 1143; x_wconf 84' lang='lat' dir='ltr'>ingenti</span> 
     </span>
     <span class='ocr_line' id='line_1_14' title="bbox 122 1142 1822 1216; baseline 0 -20"><span class='ocrx_word' id='word_1_95' title='bbox 122 1177 130 1184; x_wconf 83' lang='lat'><em>-</em></span> <span class='ocrx_word' id='word_1_96' title='bbox 181 1145 368 1214; x_wconf 67' lang='lat' dir='ltr'>pompa</span> <span class='ocrx_word' id='word_1_97' title='bbox 404 1147 550 1196; x_wconf 87' lang='lat' dir='ltr'>rediit</span> <span class='ocrx_word' id='word_1_98' title='bbox 589 1147 639 1196; x_wconf 90' lang='lat' dir='ltr'>in</span> <span class='ocrx_word' id='word_1_99' title='bbox 682 1165 807 1197; x_wconf 89' lang='lat' dir='ltr'>nave</span> <span class='ocrx_word' id='word_1_100' title='bbox 833 1146 1021 1208; x_wconf 87' lang='lat' dir='ltr'>Persei,</span> <span class='ocrx_word' id='word_1_101' title='bbox 1046 1164 1159 1213; x_wconf 79' lang='lat' dir='ltr'>quae</span> <span class='ocrx_word' id='word_1_102' title='bbox 1187 1142 1435 1197; x_wconf 77' lang='lat' dir='ltr'>inusitatae</span> <span class='ocrx_word' id='word_1_103' title='bbox 1462 1147 1822 1216; x_wconf 86' lang='lat' dir='ltr'>magnitudinis</span> 
     </span>
    </p>

    <p class='ocr_par' dir='ltr' id='par_1_4' title="bbox 181 1217 1834 2091">
     <span class='ocr_line' id='line_1_15' title="bbox 181 1217 1823 1280; baseline 0 -12"><span class='ocrx_word' id='word_1_104' title='bbox 181 1217 337 1270; x_wconf 87' lang='lat' dir='ltr'>fuisse</span> <span class='ocrx_word' id='word_1_105' title='bbox 365 1220 593 1280; x_wconf 86' lang='lat' dir='ltr'>traditur,</span> <span class='ocrx_word' id='word_1_106' title='bbox 632 1218 757 1269; x_wconf 70' lang='lat' dir='ltr'>adeo</span> <span class='ocrx_word' id='word_1_107' title='bbox 788 1231 841 1269; x_wconf 91' lang='lat' dir='ltr'>ut</span> <span class='ocrx_word' id='word_1_108' title='bbox 867 1219 1119 1270; x_wconf 86' lang='lat' dir='ltr'>sexdecim</span> <span class='ocrx_word' id='word_1_109' title='bbox 1145 1220 1344 1268; x_wconf 88' lang='lat' dir='ltr'>ordines</span> <span class='ocrx_word' id='word_1_110' title='bbox 1370 1218 1601 1269; x_wconf 87' lang='lat' dir='ltr'>habuisse</span> <span class='ocrx_word' id='word_1_111' title='bbox 1628 1221 1823 1275; x_wconf 87' lang='lat' dir='ltr'>dicatur</span> 
     </span>
     <span class='ocr_line' id='line_1_16' title="bbox 182 1290 1823 1359; baseline 0.001 -18"><span class='ocrx_word' id='word_1_112' title='bbox 182 1309 454 1341; x_wconf 88' lang='lat' dir='ltr'>remorum.</span> <span class='ocrx_word' id='word_1_113' title='bbox 513 1291 871 1359; x_wconf 88' lang='lat' dir='ltr'>Triumphavit</span> <span class='ocrx_word' id='word_1_114' title='bbox 891 1304 1059 1341; x_wconf 89' lang='lat' dir='ltr'>autem</span> <span class='ocrx_word' id='word_1_115' title='bbox 1081 1290 1581 1359; x_wconf 79' lang='lat' dir='ltr'>magnificentissime</span> <span class='ocrx_word' id='word_1_116' title='bbox 1601 1292 1650 1342; x_wconf 91' lang='lat' dir='ltr'>in</span> <span class='ocrx_word' id='word_1_117' title='bbox 1671 1309 1823 1343; x_wconf 84' lang='lat' dir='ltr'>curru</span> 
     </span>
     <span class='ocr_line' id='line_1_17' title="bbox 182 1363 1825 1430; baseline 0 -17"><span class='ocrx_word' id='word_1_118' title='bbox 182 1381 353 1426; x_wconf 89' lang='lat' dir='ltr'>aureo,</span> <span class='ocrx_word' id='word_1_119' title='bbox 378 1381 496 1414; x_wconf 92' lang='lat' dir='ltr'>cum</span> <span class='ocrx_word' id='word_1_120' title='bbox 522 1363 719 1415; x_wconf 90' lang='lat' dir='ltr'>duobus</span> <span class='ocrx_word' id='word_1_121' title='bbox 748 1364 862 1414; x_wconf 85' lang='lat' dir='ltr'>filiis</span> <span class='ocrx_word' id='word_1_122' title='bbox 890 1375 1104 1430; x_wconf 86' lang='lat' dir='ltr'>utroque</span> <span class='ocrx_word' id='word_1_123' title='bbox 1147 1365 1298 1413; x_wconf 88' lang='lat' dir='ltr'>latere</span> <span class='ocrx_word' id='word_1_124' title='bbox 1341 1364 1649 1416; x_wconf 83' lang='lat' dir='ltr'>astantibus:</span> <span class='ocrx_word' id='word_1_125' title='bbox 1686 1363 1825 1415; x_wconf 88' lang='lat' dir='ltr'>ducti</span> 
     </span>
     <span class='ocr_line' id='line_1_18' title="bbox 183 1435 1828 1505; baseline 0 -18"><span class='ocrx_word' id='word_1_126' title='bbox 183 1448 301 1487; x_wconf 87' lang='lat' dir='ltr'>sunt</span> <span class='ocrx_word' id='word_1_127' title='bbox 326 1450 440 1487; x_wconf 89' lang='lat' dir='ltr'>ante</span> <span class='ocrx_word' id='word_1_128' title='bbox 467 1454 672 1488; x_wconf 89' lang='lat' dir='ltr'>currum</span> <span class='ocrx_word' id='word_1_129' title='bbox 711 1438 812 1487; x_wconf 92' lang='lat' dir='ltr'>duo</span> <span class='ocrx_word' id='word_1_130' title='bbox 837 1437 969 1505; x_wconf 87' lang='lat' dir='ltr'>regis</span> <span class='ocrx_word' id='word_1_131' title='bbox 997 1435 1104 1495; x_wconf 85' lang='lat' dir='ltr'>filii,</span> <span class='ocrx_word' id='word_1_132' title='bbox 1131 1448 1179 1485; x_wconf 90' lang='lat' dir='ltr'>et</span> <span class='ocrx_word' id='word_1_133' title='bbox 1207 1436 1311 1502; x_wconf 87' lang='lat' dir='ltr'>ipse</span> <span class='ocrx_word' id='word_1_134' title='bbox 1355 1435 1587 1497; x_wconf 87' lang='lat' dir='ltr'>Perseus,</span> <span class='ocrx_word' id='word_1_135' title='bbox 1615 1438 1828 1504; x_wconf 86' lang='lat' dir='ltr'>quadra-</span> 
     </span>
     <span class='ocr_line' id='line_1_19' title="bbox 183 1508 1823 1577; baseline 0.001 -19"><span class='ocrx_word' id='word_1_136' title='bbox 183 1510 321 1577; x_wconf 87' lang='lat' dir='ltr'>ginta</span> <span class='ocrx_word' id='word_1_137' title='bbox 347 1510 571 1576; x_wconf 89' lang='lat' dir='ltr'>quinque</span> <span class='ocrx_word' id='word_1_138' title='bbox 598 1527 754 1559; x_wconf 86' lang='lat' dir='ltr'>annos</span> <span class='ocrx_word' id='word_1_139' title='bbox 780 1521 942 1559; x_wconf 87' lang='lat' dir='ltr'>natus.</span> <span class='ocrx_word' id='word_1_140' title='bbox 1017 1508 1140 1558; x_wconf 90' lang='lat' dir='ltr'>Post</span> <span class='ocrx_word' id='word_1_141' title='bbox 1166 1526 1283 1558; x_wconf 88' lang='lat' dir='ltr'>eum</span> <span class='ocrx_word' id='word_1_142' title='bbox 1322 1508 1472 1558; x_wconf 83' lang='lat' dir='ltr'>etiam</span> <span class='ocrx_word' id='word_1_143' title='bbox 1514 1508 1668 1559; x_wconf 90' lang='lat' dir='ltr'>Caius</span> <span class='ocrx_word' id='word_1_144' title='bbox 1697 1510 1823 1559; x_wconf 87' lang='lat' dir='ltr'>Ani-</span> 
     </span>
     <span class='ocr_line' id='line_1_20' title="bbox 185 1579 1826 1651; baseline 0.001 -20"><span class='ocrx_word' id='word_1_145' title='bbox 185 1581 293 1632; x_wconf 87' lang='lat' dir='ltr'>cius</span> <span class='ocrx_word' id='word_1_146' title='bbox 333 1583 395 1631; x_wconf 90' lang='lat' dir='ltr'>de</span> <span class='ocrx_word' id='word_1_147' title='bbox 442 1581 622 1651; x_wconf 87' lang='lat' dir='ltr'>Illyriis</span> <span class='ocrx_word' id='word_1_148' title='bbox 649 1581 977 1650; x_wconf 87' lang='lat' dir='ltr'>triumphavit</span> <span class='ocrx_word' id='word_1_149' title='bbox 1000 1600 1010 1631; x_wconf 74' lang='grc' dir='ltr'>ε</span> <span class='ocrx_word' id='word_1_150' title='bbox 1064 1580 1284 1631; x_wconf 88' lang='lat' dir='ltr'>Gentius</span> <span class='ocrx_word' id='word_1_151' title='bbox 1312 1598 1429 1630; x_wconf 88' lang='lat' dir='ltr'>cum</span> <span class='ocrx_word' id='word_1_152' title='bbox 1455 1579 1608 1631; x_wconf 86' lang='lat' dir='ltr'>fratre</span> <span class='ocrx_word' id='word_1_153' title='bbox 1634 1594 1683 1632; x_wconf 91' lang='lat' dir='ltr'>et</span> <span class='ocrx_word' id='word_1_154' title='bbox 1710 1581 1826 1632; x_wconf 86' lang='lat' dir='ltr'>filiis</span> 
     </span>
     <span class='ocr_line' id='line_1_21' title="bbox 186 1652 1827 1720; baseline 0.001 -17"><span class='ocrx_word' id='word_1_155' title='bbox 186 1666 301 1703; x_wconf 84' lang='lat' dir='ltr'>ante</span> <span class='ocrx_word' id='word_1_156' title='bbox 337 1671 541 1705; x_wconf 89' lang='lat' dir='ltr'>currum</span> <span class='ocrx_word' id='word_1_157' title='bbox 569 1656 751 1704; x_wconf 90' lang='lat' dir='ltr'>ductus</span> <span class='ocrx_word' id='word_1_158' title='bbox 779 1667 870 1706; x_wconf 86' lang='lat' dir='ltr'>est.</span> <span class='ocrx_word' id='word_1_159' title='bbox 912 1654 1032 1703; x_wconf 61' lang='lat' dir='ltr'>vAd</span> <span class='ocrx_word' id='word_1_160' title='bbox 1058 1652 1154 1704; x_wconf 89' lang='lat' dir='ltr'>hoc</span> <span class='ocrx_word' id='word_1_161' title='bbox 1182 1654 1525 1720; x_wconf 88' lang='lat' dir='ltr'>spectaculum</span> <span class='ocrx_word' id='word_1_162' title='bbox 1552 1655 1827 1704; x_wconf 86' lang='lat' dir='ltr'>multarum</span> 
     </span>
     <span class='ocr_line' id='line_1_22' title="bbox 188 1725 1832 1796; baseline 0.001 -21"><span class='ocrx_word' id='word_1_163' title='bbox 188 1725 418 1794; x_wconf 88' lang='lat' dir='ltr'>gentium</span> <span class='ocrx_word' id='word_1_164' title='bbox 443 1744 584 1796; x_wconf 90' lang='lat' dir='ltr'>reges</span> <span class='ocrx_word' id='word_1_165' title='bbox 611 1726 833 1777; x_wconf 90' lang='lat' dir='ltr'>Romam</span> <span class='ocrx_word' id='word_1_166' title='bbox 858 1739 1103 1776; x_wconf 89' lang='lat' dir='ltr'>venerunt</span> <span class='ocrx_word' id='word_1_167' title='bbox 1127 1745 1142 1786; x_wconf 89' lang='lat'>;</span> <span class='ocrx_word' id='word_1_168' title='bbox 1182 1726 1310 1775; x_wconf 89' lang='lat' dir='ltr'>inter</span> <span class='ocrx_word' id='word_1_169' title='bbox 1342 1726 1464 1776; x_wconf 88' lang='lat' dir='ltr'>alios</span> <span class='ocrx_word' id='word_1_170' title='bbox 1505 1728 1655 1776; x_wconf 87' lang='lat' dir='ltr'>etiam</span> <span class='ocrx_word' id='word_1_171' title='bbox 1695 1728 1832 1777; x_wconf 89' lang='lat' dir='ltr'>venit</span> 
     </span>
     <span class='ocr_line' id='line_1_23' title="bbox 189 1798 1831 1871; baseline 0 -23"><span class='ocrx_word' id='word_1_172' title='bbox 189 1800 394 1849; x_wconf 86' lang='lat' dir='ltr'>Attalus</span> <span class='ocrx_word' id='word_1_173' title='bbox 419 1811 569 1867; x_wconf 91' lang='lat' dir='ltr'>atque</span> <span class='ocrx_word' id='word_1_174' title='bbox 596 1799 868 1860; x_wconf 87' lang='lat' dir='ltr'>Eumenes,</span> <span class='ocrx_word' id='word_1_175' title='bbox 899 1799 1036 1848; x_wconf 84' lang='lat' dir='ltr'>Asiae</span> <span class='ocrx_word' id='word_1_176' title='bbox 1061 1815 1223 1867; x_wconf 86' lang='lat' dir='ltr'>reges,</span> <span class='ocrx_word' id='word_1_177' title='bbox 1251 1810 1400 1865; x_wconf 90' lang='lat' dir='ltr'>atque</span> <span class='ocrx_word' id='word_1_178' title='bbox 1424 1798 1624 1850; x_wconf 85' lang='lat' dir='ltr'>Prusias</span> <span class='ocrx_word' id='word_1_179' title='bbox 1650 1799 1831 1871; x_wconf 87' lang='lat' dir='ltr'>Bithy-</span> 
     </span>
     <span class='ocr_line' id='line_1_24' title="bbox 188 1870 1831 1940; baseline 0.001 -19"><span class='ocrx_word' id='word_1_180' title='bbox 188 1872 288 1922; x_wconf 85' lang='lat' dir='ltr'>niae</span> <span class='ocrx_word' id='word_1_181' title='bbox 310 1892 325 1932; x_wconf 77' lang='lat'><em>3</em></span> <span class='ocrx_word' id='word_1_182' title='bbox 366 1888 549 1940; x_wconf 90' lang='lat' dir='ltr'>magno</span> <span class='ocrx_word' id='word_1_183' title='bbox 574 1870 764 1923; x_wconf 91' lang='lat' dir='ltr'>honore</span> <span class='ocrx_word' id='word_1_184' title='bbox 789 1871 981 1939; x_wconf 90' lang='lat' dir='ltr'>accepti</span> <span class='ocrx_word' id='word_1_185' title='bbox 1005 1883 1141 1931; x_wconf 91' lang='lat' dir='ltr'>sunt,</span> <span class='ocrx_word' id='word_1_186' title='bbox 1177 1883 1245 1933; x_wconf 90' lang='lat' dir='ltr'>et,</span> <span class='ocrx_word' id='word_1_187' title='bbox 1271 1871 1591 1938; x_wconf 84' lang='lat' dir='ltr'>permittente</span> <span class='ocrx_word' id='word_1_188' title='bbox 1634 1884 1831 1934; x_wconf 86' lang='lat' dir='ltr'>senatu,</span> 
     </span>
     <span class='ocr_line' id='line_1_25' title="bbox 193 1943 1834 2011; baseline 0 -17"><span class='ocrx_word' id='word_1_189' title='bbox 193 1946 342 2005; x_wconf 87' lang='lat' dir='ltr'>dona,</span> <span class='ocrx_word' id='word_1_190' title='bbox 388 1962 502 2011; x_wconf 79' lang='lat' dir='ltr'>quse</span> <span class='ocrx_word' id='word_1_191' title='bbox 546 1945 832 2005; x_wconf 87' lang='lat' dir='ltr'>attulerant,</span> <span class='ocrx_word' id='word_1_192' title='bbox 882 1944 933 1993; x_wconf 91' lang='lat' dir='ltr'>in</span> <span class='ocrx_word' id='word_1_193' title='bbox 978 1943 1212 2010; x_wconf 88' lang='lat' dir='ltr'>capitolio</span> <span class='ocrx_word' id='word_1_194' title='bbox 1263 1956 1556 2011; x_wconf 85' lang='lat' dir='ltr'>posuerunt.</span> <span class='ocrx_word' id='word_1_195' title='bbox 1629 1944 1834 1995; x_wconf 86' lang='lat' dir='ltr'>Prusias</span> 
     </span>
     <span class='ocr_line' id='line_1_26' title="bbox 193 2016 1812 2091; baseline -0.001 -24"><span class='ocrx_word' id='word_1_196' title='bbox 193 2016 364 2077; x_wconf 86' lang='lat' dir='ltr'>etiarn,</span> <span class='ocrx_word' id='word_1_197' title='bbox 395 2016 557 2067; x_wconf 89' lang='lat' dir='ltr'>filium</span> <span class='ocrx_word' id='word_1_198' title='bbox 583 2034 752 2078; x_wconf 90' lang='lat' dir='ltr'>suum,</span> <span class='ocrx_word' id='word_1_199' title='bbox 779 2017 1117 2068; x_wconf 88' lang='lat' dir='ltr'>Nicomedem</span> <span class='ocrx_word' id='word_1_200' title='bbox 1144 2016 1337 2066; x_wconf 88' lang='lat' dir='ltr'>senatui</span> <span class='ocrx_word' id='word_1_201' title='bbox 1365 2017 1751 2069; x_wconf 88' lang='lat' dir='ltr'>commendavit.</span> <span class='ocrx_word' id='word_1_202' title='bbox 1778 2047 1812 2091; x_wconf 48' lang='lat' dir='ltr'>r,</span> 
     </span>
    </p>

    <p class='ocr_par' dir='ltr' id='par_1_5' title="bbox 194 2088 1833 2304">
     <span class='ocr_line' id='line_1_27' title="bbox 264 2088 1831 2157; baseline 0.001 -19"><span class='ocrx_word' id='word_1_203' title='bbox 264 2088 559 2156; x_wconf 86' lang='lat' dir='ltr'>Insequenti</span> <span class='ocrx_word' id='word_1_204' title='bbox 599 2108 730 2139; x_wconf 90' lang='lat' dir='ltr'>anno</span> <span class='ocrx_word' id='word_1_205' title='bbox 769 2090 961 2140; x_wconf 90' lang='lat' dir='ltr'>Lucius</span> <span class='ocrx_word' id='word_1_206' title='bbox 1004 2088 1284 2139; x_wconf 84' lang='lat' dir='ltr'>Memmius</span> <span class='ocrx_word' id='word_1_207' title='bbox 1322 2089 1373 2138; x_wconf 90' lang='lat' dir='ltr'>in</span> <span class='ocrx_word' id='word_1_208' title='bbox 1419 2088 1666 2157; x_wconf 90' lang='lat' dir='ltr'>Hispania</span> <span class='ocrx_word' id='word_1_209' title='bbox 1705 2091 1831 2140; x_wconf 90' lang='lat' dir='ltr'>bene</span> 
     </span>
     <span class='ocr_line' id='line_1_28' title="bbox 194 2160 1833 2231; baseline 0.001 -20"><span class='ocrx_word' id='word_1_210' title='bbox 194 2164 453 2230; x_wconf 89' lang='lat' dir='ltr'>pugnavit.</span> <span class='ocrx_word' id='word_1_211' title='bbox 529 2162 805 2213; x_wconf 86' lang='lat' dir='ltr'>Marcellus</span> <span class='ocrx_word' id='word_1_212' title='bbox 851 2175 1023 2231; x_wconf 88' lang='lat' dir='ltr'>postea</span> <span class='ocrx_word' id='word_1_213' title='bbox 1064 2162 1241 2212; x_wconf 86' lang='lat' dir='ltr'>consul</span> <span class='ocrx_word' id='word_1_214' title='bbox 1279 2177 1358 2211; x_wconf 89' lang='lat' dir='ltr'>res</span> <span class='ocrx_word' id='word_1_215' title='bbox 1384 2160 1569 2212; x_wconf 87' lang='lat' dir='ltr'>ibidem</span> <span class='ocrx_word' id='word_1_216' title='bbox 1597 2160 1833 2230; x_wconf 74' lang='lat' dir='ltr'>prospere</span> 
     </span>
     <span class='ocr_line' id='line_1_29' title="bbox 195 2245 366 2304; baseline 0 -21"><span class='ocrx_word' id='word_1_217' title='bbox 195 2245 366 2304; x_wconf 81' lang='lat' dir='ltr'>gessit.</span> 
     </span>
    </p>

    <p class='ocr_par' dir='ltr' id='par_1_6' title="bbox 199 2304 1843 2737">
     <span class='ocr_line' id='line_1_30' title="bbox 268 2304 1838 2373; baseline -0.001 -17"><span class='ocrx_word' id='word_1_218' title='bbox 268 2304 504 2356; x_wconf 88' lang='lat' dir='ltr'>Tertium</span> <span class='ocrx_word' id='word_1_219' title='bbox 543 2305 725 2356; x_wconf 90' lang='lat' dir='ltr'>deinde</span> <span class='ocrx_word' id='word_1_220' title='bbox 750 2304 941 2356; x_wconf 90' lang='lat' dir='ltr'>bellum</span> <span class='ocrx_word' id='word_1_221' title='bbox 967 2316 1139 2357; x_wconf 90' lang='lat' dir='ltr'>contra</span> <span class='ocrx_word' id='word_1_222' title='bbox 1165 2304 1524 2372; x_wconf 88' lang='lat' dir='ltr'>Carthaginem</span> <span class='ocrx_word' id='word_1_223' title='bbox 1549 2306 1838 2373; x_wconf 85' lang='lat' dir='ltr'>suscipitur,</span> 
     </span>
     <span class='ocr_line' id='line_1_31' title="bbox 199 2376 1835 2439; baseline -0.001 -11"><span class='ocrx_word' id='word_1_224' title='bbox 199 2379 564 2430; x_wconf 81' lang='lat' dir='ltr'>sexcentesimo</span> <span class='ocrx_word' id='word_1_225' title='bbox 589 2391 639 2428; x_wconf 91' lang='lat' dir='ltr'>et</span> <span class='ocrx_word' id='word_1_226' title='bbox 664 2379 820 2428; x_wconf 87' lang='lat' dir='ltr'>altero</span> <span class='ocrx_word' id='word_1_227' title='bbox 846 2394 977 2429; x_wconf 88' lang='lat' dir='ltr'>anno</span> <span class='ocrx_word' id='word_1_228' title='bbox 1004 2377 1063 2427; x_wconf 90' lang='lat' dir='ltr'>ab</span> <span class='ocrx_word' id='word_1_229' title='bbox 1092 2377 1212 2428; x_wconf 91' lang='lat' dir='ltr'>urbe</span> <span class='ocrx_word' id='word_1_230' title='bbox 1239 2376 1459 2439; x_wconf 78' lang='lat' dir='ltr'>condit&#39;a,</span> <span class='ocrx_word' id='word_1_231' title='bbox 1484 2377 1647 2430; x_wconf 92' lang='lat' dir='ltr'>Lucio</span> <span class='ocrx_word' id='word_1_232' title='bbox 1685 2377 1835 2427; x_wconf 85' lang='lat' dir='ltr'>Man-</span> 
     </span>
     <span class='ocr_line' id='line_1_32' title="bbox 199 2450 1841 2517; baseline 0.001 -18"><span class='ocrx_word' id='word_1_233' title='bbox 199 2452 268 2500; x_wconf 84' lang='lat' dir='ltr'>lio</span> <span class='ocrx_word' id='word_1_234' title='bbox 289 2451 571 2502; x_wconf 88' lang='lat' dir='ltr'>Censorino</span> <span class='ocrx_word' id='word_1_235' title='bbox 598 2462 646 2500; x_wconf 93' lang='lat' dir='ltr'>et</span> <span class='ocrx_word' id='word_1_236' title='bbox 675 2451 854 2501; x_wconf 88' lang='lat' dir='ltr'>Marco</span> <span class='ocrx_word' id='word_1_237' title='bbox 875 2450 1088 2501; x_wconf 92' lang='lat' dir='ltr'>Manilio</span> <span class='ocrx_word' id='word_1_238' title='bbox 1105 2451 1415 2513; x_wconf 90' lang='lat' dir='ltr'>consulibus,</span> <span class='ocrx_word' id='word_1_239' title='bbox 1432 2468 1562 2501; x_wconf 91' lang='lat' dir='ltr'>anno</span> <span class='ocrx_word' id='word_1_240' title='bbox 1589 2451 1841 2517; x_wconf 91' lang='lat' dir='ltr'>quinqua-</span> 
     </span>
     <span class='ocr_line' id='line_1_33' title="bbox 200 2522 1839 2592; baseline 0 -20"><span class='ocrx_word' id='word_1_241' title='bbox 200 2525 394 2592; x_wconf 87' lang='lat' dir='ltr'>gesimo</span> <span class='ocrx_word' id='word_1_242' title='bbox 420 2524 584 2590; x_wconf 90' lang='lat' dir='ltr'>primo</span> <span class='ocrx_word' id='word_1_243' title='bbox 610 2536 877 2591; x_wconf 87' lang='lat' dir='ltr'>postquam</span> <span class='ocrx_word' id='word_1_244' title='bbox 895 2523 1174 2574; x_wconf 88' lang='lat' dir='ltr'>secundum</span> <span class='ocrx_word' id='word_1_245' title='bbox 1198 2522 1450 2574; x_wconf 90' lang='lat' dir='ltr'>Punicum</span> <span class='ocrx_word' id='word_1_246' title='bbox 1470 2522 1660 2574; x_wconf 90' lang='lat' dir='ltr'>bellum</span> <span class='ocrx_word' id='word_1_247' title='bbox 1681 2535 1839 2573; x_wconf 46' lang='lat' dir='ltr'>transa</span> 
     </span>
     <span class='ocr_line' id='line_1_34' title="bbox 202 2594 1837 2664; baseline -0.001 -19"><span class='ocrx_word' id='word_1_248' title='bbox 202 2608 373 2646; x_wconf 90' lang='lat' dir='ltr'>actum</span> <span class='ocrx_word' id='word_1_249' title='bbox 423 2609 544 2646; x_wconf 88' lang='lat' dir='ltr'>erat.</span> <span class='ocrx_word' id='word_1_250' title='bbox 619 2595 694 2645; x_wconf 92' lang='lat' dir='ltr'>Hi</span> <span class='ocrx_word' id='word_1_251' title='bbox 743 2596 956 2664; x_wconf 87' lang='lat' dir='ltr'>profecti</span> <span class='ocrx_word' id='word_1_252' title='bbox 1000 2594 1359 2664; x_wconf 88' lang='lat' dir='ltr'>Carthaginem</span> <span class='ocrx_word' id='word_1_253' title='bbox 1402 2607 1837 2664; x_wconf 73' lang='lat' dir='ltr'>oppugnaverunt,</span> 
     </span>
     <span class='ocr_line' id='line_1_35' title="bbox 204 2667 1843 2737; baseline -0.001 -19"><span class='ocrx_word' id='word_1_254' title='bbox 204 2667 396 2719; x_wconf 91' lang='lat' dir='ltr'>Contra</span> <span class='ocrx_word' id='word_1_255' title='bbox 422 2685 506 2719; x_wconf 89' lang='lat' dir='ltr'>eos</span> <span class='ocrx_word' id='word_1_256' title='bbox 536 2667 809 2730; x_wconf 91' lang='lat' dir='ltr'>Asdrubal,</span> <span class='ocrx_word' id='word_1_257' title='bbox 850 2670 952 2719; x_wconf 87' lang='lat' dir='ltr'>dux</span> <span class='ocrx_word' id='word_1_258' title='bbox 994 2667 1506 2737; x_wconf 86' lang='lat' dir='ltr'>Carthaginiensium,</span> <span class='ocrx_word' id='word_1_259' title='bbox 1541 2667 1843 2720; x_wconf 76' lang='lat' dir='ltr'>dimicabat:</span> 
     </span>
    </p>
   </div>
   <div class='ocr_carea' id='block_1_3' title="bbox 210 2843 1506 2959">
    <p class='ocr_par' dir='ltr' id='par_1_7' title="bbox 210 2843 1506 2959">
     <span class='ocr_line' id='line_1_36' title="bbox 269 2843 1453 2904; baseline 0.001 -19"><span class='ocrx_word' id='word_1_260' title='bbox 269 2843 371 2886; x_wconf 72' lang='lat' dir='ltr'>Esse</span> <span class='ocrx_word' id='word_1_261' title='bbox 391 2843 544 2896; x_wconf 78' lang='lat' dir='ltr'>debere,</span> <span class='ocrx_word' id='word_1_262' title='bbox 575 2843 673 2887; x_wconf 88' lang='lat' dir='ltr'>that</span> <span class='ocrx_word' id='word_1_263' title='bbox 707 2844 741 2887; x_wconf 87' lang='lat' dir='ltr'>it</span> <span class='ocrx_word' id='word_1_264' title='bbox 775 2844 916 2904; x_wconf 84' lang='lat' dir='ltr'>ought</span> <span class='ocrx_word' id='word_1_265' title='bbox 954 2853 996 2891; x_wconf 82' lang='lat' dir='ltr'>to</span> <span class='ocrx_word' id='word_1_266' title='bbox 1116 2844 1306 2897; x_wconf 83' lang='lat' dir='ltr'>Ordines,</span> <span class='ocrx_word' id='word_1_267' title='bbox 1326 2858 1453 2887; x_wconf 84' lang='lat' dir='ltr'>rows.</span> 
     </span>
     <span class='ocr_line' id='line_1_37' title="bbox 210 2900 1506 2959; baseline 0.002 -15"><span class='ocrx_word' id='word_1_268' title='bbox 210 2900 266 2944; x_wconf 87' lang='lat' dir='ltr'>be</span> <span class='ocrx_word' id='word_1_269' title='bbox 288 2901 364 2946; x_wconf 89' lang='lat' dir='ltr'>the</span> <span class='ocrx_word' id='word_1_270' title='bbox 386 2902 540 2946; x_wconf 81' lang='lat' dir='ltr'>talem.</span> <span class='ocrx_word' id='word_1_271' title='bbox 1119 2904 1195 2959; x_wconf 76' lang='lat' dir='ltr'>Hi,</span> <span class='ocrx_word' id='word_1_272' title='bbox 1220 2904 1292 2948; x_wconf 84' lang='lat' dir='ltr'>the</span> <span class='ocrx_word' id='word_1_273' title='bbox 1313 2903 1506 2948; x_wconf 78' lang='lat' dir='ltr'>consuls.</span> 
     </span>
    </p>
   </div>
  </div>
 </body>
</html>
