1978 3226
635 157 822 201 LIBER
852 149 1195 201 SECUNDUS.
1698 163 1754 202 25

92 277 302 347 perditis
349 277 607 347 sexaginta
648 290 867 346 quatuor
892 278 1123 338 navibus,
1147 292 1282 328 retro
1309 295 1360 328 se
1385 277 1606 346 recepit:
1647 278 1760 329 Ro-

93 352 233 401 mani
266 352 445 421 viginti
485 353 612 401 duas
640 352 953 404 amiserunt:
997 353 1082 401 sed
1112 349 1232 402 cum
1259 352 1310 400 in
1339 351 1571 402 Africam
1598 363 1759 403 trans-

94 424 289 486 iissent,
306 423 529 492 primum
552 425 821 492 Clypeam,
846 423 1039 474 Africae
1068 425 1342 486 civitatem,
1370 424 1421 472 in
1447 424 1759 475 deditionem

95 510 418 565 acceperunt.
459 496 710 548 Carnsules
730 515 892 564 usque
909 498 970 546 ad
990 496 1351 579 Carthaginem
1369 512 1754 564 processerunt·
1743 535 1757 559 ,

95 570 373 637 multisque
400 571 604 621 vastatis
632 570 852 637 oppidis,
880 570 1108 621 Manlius
1135 571 1295 620 victor
1323 570 1549 620 Romam
1592 571 1761 632 rediit,

96 655 146 693 et
173 642 350 711 viginti
380 657 575 710 septem
605 644 760 693 millia
787 643 1104 711 captivorum
1126 643 1344 693 reduxit.
1421 643 1635 693 Attilius
1654 643 1763 693 Re-

96 716 279 784 gulus
267 734 319 766 1n
339 715 518 766 Africa
539 717 796 766 remansit.
862 716 912 766 Is
930 730 1105 767 contra
1128 716 1286 766 Afros
1306 717 1466 768 aciem
1486 716 1760 766 instruxit.

96 802 274 839 contra
301 802 399 840 tres
427 789 927 859 Carthaginiensium
956 790 1109 840 duces
1147 790 1412 851 dimicanS,
1439 791 1600 840 victor
1626 788 1724 839 fuit
1747 811 1761 848 3

97 862 382 913 octodecim
412 863 569 912 millia
596 862 823 913 hostium
852 863 1054 924 cecidit,
1083 863 1310 930 quinque
1337 863 1490 912 millia
1510 880 1627 913 cum
1647 877 1764 913 octo

96 934 450 1003 elephantibus
479 936 645 1004 cepit,
686 936 1003 1004 septuaginta
1031 949 1250 1003 quatuor
1276 937 1503 987 civitates
1529 936 1581 985 in
1610 935 1766 986 fidem

97 1009 309 1075 accepit.
385 1008 527 1058 Tum
557 1009 678 1059 victi
720 1008 1169 1077 Carthaginienses
1215 1027 1393 1075 pacem
1438 1028 1465 1059 a
1512 1009 1766 1059 Romanis

98 1079 375 1149 petierunt,
401 1099 554 1148 quam
584 1080 704 1132 cum
729 1082 967 1150 Regulus
996 1084 1153 1132 nollet
1179 1083 1276 1132 nisi
1317 1082 1600 1133 durissimis
1642 1101 1763 1133 con-

99 1153 375 1204 ditionibus
404 1156 553 1215 dare,·
572 1153 691 1204 Afri
718 1155 964 1205 auxilium
991 1174 1018 1205 a
1044 1154 1448 1206 Lacedaemoniis
1491 1155 1767 1224 petierunt,

99 1239 170 1288 et,
194 1228 325 1277 duce
349 1226 611 1296 Xantippo
640 1228 728 1295 qui
754 1247 780 1278 a
807 1228 1214 1279 Lacedaemoniis
1241 1229 1426 1279 missus
1446 1227 1630 1291 fuerat,
1657 1229 1770 1279 Ro-

99 1316 370 1350 manorum
397 1301 500 1350 dux
531 1301 766 1370 Regulus
807 1302 974 1352 victus
1015 1315 1092 1353 est
1134 1300 1314 1352 ultima
1355 1302 1608 1370 pernicie3
1649 1320 1767 1353 narn

102 1374 206 1423 duo
231 1372 387 1423 millia
430 1373 700 1424 hominum
744 1373 945 1425 tantum
977 1392 1038 1424 ex
1083 1375 1224 1424 omni
1260 1375 1501 1424 Romano
1541 1377 1770 1427 exercitu

103 1458 494 1508 remanserunt3
537 1447 830 1515 quindecim
873 1448 1031 1498 millia
1070 1465 1190 1500 cum
1229 1449 1532 1515 imperatore
1560 1449 1770 1518 Regulo

103 1530 249 1587 capta
276 1531 414 1582 sunt,
438 1521 644 1590 triginta
670 1521 827 1571 millia
854 1521 1057 1572 occisa·
1046 1559 1060 1582 ,
1103 1521 1379 1591 Regulus
1368 1539 1473 1590 ipse
1495 1522 1544 1571 in
1566 1535 1770 1573 catenas

104 1593 384 1661 conjectus.

173 1664 358 1717 Marco
385 1664 601 1715 AEmilio
627 1665 808 1728 Paulo,
836 1665 1014 1717 Servio
1054 1666 1236 1717 Fulvio
1279 1665 1548 1716 Nobiliore
1585 1685 1768 1718 consu-

103 1736 256 1801 libus,
272 1738 423 1789 ambo
445 1740 680 1790 consules
698 1739 925 1790 Romani
953 1739 1186 1791 Africam
1213 1739 1430 1808 profecti
1459 1752 1611 1802 sunt3
1652 1759 1772 1792 cum

101 1824 444 1863 trecentarum
471 1812 677 1862 navium
705 1814 861 1864 classe
889 1812 1137 1882 Clypeam
1160 1826 1360 1880 petunt,
1384 1827 1432 1863 et
1454 1826 1628 1864 contra
1647 1814 1773 1865 Car-

105 1883 448 1954 thaginienses
473 1899 740 1937 venerunt,
813 1885 1048 1936 Primum
1098 1885 1257 1937 Afros
1296 1887 1461 1937 navali
1497 1888 1774 1938 certamine

106 1971 362 2027 superant.
441 1958 683 2010 AEmilius
710 1962 890 2010 consul
917 1972 1126 2010 centum
1153 1971 1204 2009 et
1230 1972 1448 2028 quatuor
1474 1978 1628 2011 naves
1650 1960 1774 2011 hos·

106 2031 236 2081 tium
282 2033 542 2091 demersit,
586 2033 792 2101 triginta
832 2051 954 2084 cum
995 2033 1363 2115 pugnatoribus
1411 2034 1580 2116 cepit·
1568 2071 1582 2095 ,
1624 2035 1774 2101 quin-

107 2105 274 2156 decim
302 2105 459 2155 millia
485 2105 711 2155 hostium
737 2117 824 2156 aut
848 2106 1036 2157 occidit
1062 2119 1148 2156 aut
1174 2107 1341 2174 cepit·
1330 2144 1345 2167 ,
1386 2107 1600 2157 militem
1622 2125 1772 2157 suurr·

108 2178 303 2247 ingenti
343 2179 512 2245 praeda
550 2179 757 2230 ditavit.
796 2195 846 2228 et
873 2180 1081 2230 subacta
1109 2179 1286 2230 Africa
1314 2193 1423 2228 tum
1451 2179 1651 2241 fuisset,
1679 2182 1776 2231 nisi

108 2263 247 2302 tanta
272 2249 433 2303 fames
459 2251 660 2315 fuisset,
686 2264 742 2303 ut
769 2252 960 2304 diutius
981 2265 1248 2322 expectare
1268 2253 1520 2304 exercitus
1540 2271 1642 2304 non
1660 2272 1775 2323 pos-

177 2456 513 2508 Lacedaemoniis‚
534 2456 611 2498 the
631 2455 916 2500 Lacedaemo·

113 2515 262 2566 nians,
286 2516 362 2557 the
385 2516 667 2558 inhabitants
700 2516 750 2558 of
778 2517 916 2558 Lace-

113 2574 308 2627 daemon,
342 2588 368 2615 a
401 2588 506 2630 very
545 2575 726 2616 ancient
761 2576 922 2630 ciiyof

114 2631 455 2688 Peloponnesus
499 2633 585 2675 and
636 2634 713 2675 the
753 2634 917 2689 capital

114 2691 168 2734 os
194 2691 422 2744 Laconia3
454 2692 488 2735 it
530 2706 619 2735 was
651 2695 918 2736 sometimes

113 2747 257 2792 called
297 2750 471 2806 Sparta,
523 2752 610 2793 and
655 2752 918 2794 sometimes

114 2808 297 2865 Lelegia
325 2822 374 2850 or
402 2808 606 2851 OEbaha:
639 2810 716 2852 the
736 2820 920 2865 present

118 2878 239 2908 town
265 2866 319 2909 of
346 2867 528 2910 Misitra
550 2882 638 2910 uas
661 2869 837 2912 erected
859 2883 919 2911 on

116 2925 175 2968 its
210 2924 350 2968 ruins.

193 2983 414 3053 Eutrop.

412 2927 510 2970 The
548 2929 763 2985 Spartans
806 2943 919 2973 were

976 2457 1231 2501 celebrated
1291 2457 1359 2500 fn·
1401 2458 1520 2502 their
1571 2475 1777 2519 contage

977 2517 1205 2570 tortitude‚
1239 2519 1664 2573 ten1·›erance,and
1697 2536 1780 2563 un-

977 2576 1274 2648 conquerable
1297 2575 1338 2617 lo
1345 2591 1396 2617 ve
1419 2577 1470 2619 of
1487 2577 1514 2620 li
1523 2579 1662 2649 bert).

1041 2634 1197 2678 Ultima
1242 2636 1441 2691 pernicie.
1499 2637 1608 2679 wit'n
1673 2652 1778 2693 very

979 2704 1102 2750 great
1144 2693 1389 2751 slaugbter,
1431 2693 1539 2738 with
1582 2710 1607 2738 a
1668 2698 1779 2740 total

979 2755 1249 2796 overthrow·

1039 2811 1226 2854 Militem
1246 2827 1375 2865 suum,
1397 2812 1468 2855 his
1490 2827 1632 2870 army.

1040 2870 1293 2927 Expectare,
1315 2881 1359 2914 to
1382 2872 1555 2916 remain
1590 2875 1635 2916 in
1657 2871 1780 2915 Afri-

979 2941 1046 2972 ca.

1666 2988 1712 3045 C
