1978 3226
657 143 843 187 LIBER.
877 142 1126 186 SEXTUS.
1681 147 1733 185 61

146 258 400 312 Confecto
454 260 588 311 bello
648 258 1009 319 Macedonico,
1065 268 1302 306 manente
1359 255 1732 315 MithridaticO,

75 333 234 400 quod,
258 333 526 383 recedente
552 332 795 394 Lucullo,
816 349 904 381 rex
930 330 1156 382 collectis
1185 328 1385 379 auxiliis
1406 344 1738 395 reparaverat,

76 403 270 456 bellum
306 405 570 457 Creticum
597 419 769 455 ortum
812 417 922 454 est·
911 440 927 465 ,
981 404 1042 454 ad
1072 403 1120 452 id
1149 403 1333 452 missus
1360 400 1599 451 Caecilius
1626 401 1743 450 Me-

78 478 250 559 tellus,
276 479 565 558 ingentibus
592 478 778 545 praeliis
805 478 937 528 intra
971 476 1248 526 triennium
1288 491 1495 524 omnem
1541 475 1743 542 provin

77 552 212 602 ciam
249 552 419 627 cepit,
459 552 847 620 appellatusque
885 561 960 600 est
1000 548 1255 609 Creticus,
1284 560 1435 614 atque
1479 565 1539 596 ex
1582 545 1746 596 insula

79 616 432 691 triumphavit.
508 625 632 677 Ouo
661 636 891 691 tempore
918 621 1080 692 Libya
1118 639 1326 690 quoque
1370 621 1611 670 Romano
1651 619 1744 668 im

82 695 224 767 perio
247 713 335 765 per
361 711 724 748 testamentum
768 697 1007 764 Apionis,
1037 696 1124 762 qui
1164 713 1251 744 rex
1297 695 1408 762 ejus
1452 693 1636 751 fuerat,
1667 710 1749 742 ac-

81 769 253 830 cessit,
280 770 332 818 in
359 787 460 837 qua
485 771 686 842 inclytae
714 770 944 821 civitates
970 781 1130 830 erant,
1159 768 1423 829 Berenice,
1449 766 1747 825 Ptolemais,

84 853 138 893 et
162 840 382 911 Cyrene.

154 914 302 966 Dum
329 916 437 966 haec
466 927 733 982 geruntur,
760 915 933 984 piratae
959 913 1128 964 omnia
1156 914 1312 963 maria
1332 910 1657 974 infestabant,
1684 912 1751 962 ita

86 999 144 1039 ut
176 988 431 1056 navigatio
464 987 736 1049 Romanis,
763 1002 871 1039 toto
908 987 1028 1037 orbe
1060 987 1356 1048 victoribus,
1383 986 1488 1036 sola
1516 999 1623 1036 tuta
1648 1003 1754 1035 non

85 1073 235 1113 esset.
314 1062 490 1132 Quare
532 1062 583 1111 id
627 1062 822 1112 bellum
865 1060 1027 1112 Cnaeo
1065 1059 1314 1127 Pompeio
1359 1059 1622 1110 decretum
1659 1073 1753 1119 est,

87 1135 228 1203 quod
267 1134 398 1185 intra
424 1151 613 1201 paucos
652 1152 850 1185 menses
896 1133 1090 1202 ingenti
1131 1133 1373 1184 felicitate
1412 1145 1463 1183 et
1501 1133 1754 1182 celeritate

87 1206 329 1260 confecit.
404 1206 535 1258 Mox
576 1208 622 1257 ei
661 1210 888 1258 delatum
934 1207 1128 1258 bellum
1166 1207 1319 1256 etiam
1365 1219 1552 1255 contra*
1585 1223 1755 1274 regern

91 1280 448 1332 Mithridatem
476 1294 526 1330 et
551 1280 869 1351 Tigranem3
910 1298 1013 1348 quo
1040 1294 1296 1348 suscepto,
1324 1278 1679 1329 Mithridatem
1706 1279 1757 1327 in
1837 1271 1845 1279 ’

93 1352 343 1404 Armenia
407 1352 613 1404 Minore
652 1369 904 1405 nocturno
943 1354 1117 1421 praelio
1156 1354 1294 1414 vicit,
1333 1366 1494 1402 castra
1532 1352 1760 1420 diripuit,

93 1427 430 1497 quadraginta
458 1427 682 1478 millibus
710 1429 821 1498 ejus
839 1427 1051 1488 occisis;
1091 1424 1271 1495 viginti
1298 1424 1499 1475 tantum
1526 1425 1588 1476 de
1618 1443 1758 1475 exer·
1792 1478 1797 1496 ζ

92 1501 200 1551 citu
227 1516 322 1550 suo
350 1501 588 1568 perdidit,
616 1513 666 1550 et
708 1503 838 1551 duos
866 1501 1209 1551 centuriones.
1285 1498 1612 1549 Mithridates
1638 1516 1758 1549 cum

94 1590 256 1624 uxore
295 1573 448 1642 fugit,
490 1573 689 1624 duobus
728 1573 1035 1634 comitibus,
1093 1590 1259 1640 neque
1285 1570 1451 1622 multo
1478 1569 1614 1639 post,
1640 1570 1760 1622 esim

95 1646 150 1697 in
175 1663 294 1698 suos
320 1646 536 1706 saeviret,
562 1645 856 1707 PharnaciS,
886 1645 977 1696 filii
1004 1646 1100 1706 sui,
1128 1646 1373 1697 seditione
1401 1646 1534 1712 apud
1577 1646 1760 1695 milites

96 1719 160 1770 ad
187 1732 405 1769 mortem
432 1733 657 1779 coactus,
682 1737 937 1771 venenum
961 1718 1149 1771 hausit.
1223 1718 1383 1770 Hunc
1409 1718 1565 1768 finem
1587 1719 1761 1768 habuit

98 1792 463 1854 Mithridates,
505 1793 652 1860 periit
678 1808 850 1844 autem
881 1794 1016 1860 apud
1057 1791 1404 1860 Bosphorum,
1429 1793 1504 1841 vir
1543 1793 1763 1874 ingentis

100 1865 364 1918 industriae
413 1866 726 1934 consiliique.
806 1865 1065 1935 Regnavit
1108 1883 1268 1916 annos
1307 1866 1604 1934 sexaginta,
1642 1865 1766 1915 vixit

102 1939 426 2008 septuaginta
454 1939 620 2002 duos;
659 1952 835 1991 contra
862 1940 1131 1990 Romanos
1162 1939 1354 1990 bellum
1393 1938 1570 1989 habuit
1608 1955 1766 1989 annos

106 2011 460 2082 quadraginta.

173 2083 389 2156 Tigrani
413 2084 596 2135 deinde
622 2084 899 2151 Pompeius
924 2083 1119 2135 bellum
1157 2084 1360 2136 intulit:
1398 2083 1480 2134 ille
1507 2101 1558 2134 se
1597 2083 1644 2134 ei
1682 2084 1769 2133 de-

100 2156 264 2219 didit,
317 2157 370 2207 in
403 2172 566 2209 castra
602 2157 836 2225 Pompeii
874 2172 1016 2209 sexto
1054 2158 1255 2208 decimo
1294 2157 1527 2208 milliario
1565 2156 1627 2207 ab
1667 2158 1767 2207 Ar-

103 2227 274 2282 taxati}⁴
319 2232 498 2293 venit3
552 2248 610 2282 ac
660 2231 892 2282 diadema
937 2249 1108 2294 suum,
1152 2230 1273 2283 cum
1313 2231 1665 2300 procubuisset
1708 2233 1770 2281 ad

164 2405 375 2450 blanente
454 2405 761 2458 Mithridatico,
835 2407 914 2449 the
974 2407 1053 2450 the
1075 2422 1109 2445 u
1119 2406 1220 2449 bole
1240 2406 1292 2450 os
1309 2406 1491 2452 Africa
1480 2423 1518 2451 rs
1542 2423 1664 2453 more
1687 2410 1774 2453 fre-

109 2478 201 2508 wzr
222 2467 331 2507 with
357 2463 652 2508 Mithridates
683 2466 776 2510 still
808 2480 916 2510 con·
976 2468 1163 2525 queml)
1186 2469 1567 2522 comprehenled.

111 2524 310 2581 tinuing.
1038 2524 1217 2581 Cyrene,
1257 2525 1435 2582 erene
1477 2541 1542 2583 or,
1582 2541 1632 2569 as
1665 2527 1700 2570 it
1738 2527 1775 2570 is

171 2582 339 2626 Bellum
359 2580 579 2633 Creticum,
592 2583 669 2625 the
693 2596 781 2625 war
803 2583 911 2626 with
974 2597 1075 2626 now
1124 2583 1283 2639 called,
1330 2584 1548 2641 Corzano,
1595 2600 1623 2629 a
1660 2587 1777 2630 cele-

111 2640 264 2695 Crete,
300 2655 326 2683 a
369 2641 492 2697 large
540 2641 687 2684 island
737 2643 784 2684 in
836 2644 913 2684 the
973 2641 1131 2685 brated
1164 2643 1255 2699 city
1291 2643 1343 2686 of
1370 2643 1528 2701 Libya,
1567 2644 1688 2689 built
1722 2647 1778 2689 bv

111 2699 484 2804 ἕξῃᾱέῑετταοεαη
508 2714 599 2755 sea,
633 2714 735 2744 now
770 2700 914 2745 called
975 2703 1154 2756 Battus,
1173 2716 1200 2745 a
1221 2703 1620 2759 Lacedaemonian,
1647 2709 1703 2750 A.
1725 2707 1780 2750 C.

251 2773 291 2801 ia
979 2766 1082 2806 630.

161 2816 922 2878 Libya,L1bya‚pvoper1yakmg-
1039 2819 1268 2873 Artaxata,
1317 2822 1551 2877 Artaxata,
1585 2822 1664 2866 the
1713 2837 1787 2866 ca·

116 2875 222 2920 dom
257 2876 309 2919 of
336 2874 491 2919 Africa.
529 2877 733 2920 between
771 2879 923 2936 Egypt
982 2878 1090 2936 pital
1119 2877 1172 2922 of
1206 2892 1348 2936 npper
1377 2881 1614 2936 Armenia,
1651 2881 1786 2925 after-

117 2934 208 2979 md
220 2933 406 3039 Τὲἰιῖοἱί,
423 2934 504 2980 but
517 2934 660 2981 under
679 2933 770 2981 this
787 2951 923 2981 name
986 2937 1128 2982 wards
1147 2936 1291 2982 called
1311 2939 1356 2983 N
1361 2952 1527 2984 eronea
1558 2939 1606 2984 in
1621 2942 1786 3042 khonor

280 3009 308 3037 ιι
329 3007 420 3050 rop.
1641 3001 1654 3012 '
