1934 3248
133 162 188 201 26
638 113 931 201 {UTROPH
964 159 1272 222 msromffi

130 287 222 329 set.
298 277 568 340 ConsuleS,
584 296 703 330 cum
717 278 911 330 victrici
926 280 1081 330 classe
1099 280 1387 340 redeunteS,
1405 279 1537 330 circa
1556 280 1781 332 Siciliam

129 350 455 418 naufragium
481 352 614 419 passi
642 363 780 413 sunt,
807 366 856 402 et
884 364 1021 402 tanta
1047 365 1320 419 tempestas
1347 351 1464 412 fuit,
1492 364 1548 401 ut
1574 370 1634 402 ex
1661 372 1784 421 qua-

129 422 408 491 dringentis
434 424 693 493 sexaginta
719 437 939 491 quatuor
962 425 1190 485 navibus,
1220 426 1477 493 octoginta
1496 426 1678 475 servari
1701 427 1784 476 vix

128 495 417 563 potuerint,
458 514 624 563 neque
653 498 758 546 ullo
784 510 1010 564 tempore
1038 509 1174 546 tanta
1218 498 1468 547 maritima
1512 510 1783 565 tempestas

126 567 298 618 audita
322 581 417 618 est.
491 569 716 618 Romani
741 582 911 618 tamen
938 569 1108 618 statim
1137 570 1378 619 ducentas
1406 588 1557 621 naves
1582 587 1782 638 repara-

126 652 328 701 verunt,
359 658 525 706 neque
553 642 605 690 in
632 642 802 708 aliquo
830 644 1027 691 animus
1054 641 1131 690 his
1160 641 1404 692 infractus
1431 642 1546 692 fuit.

198 712 387 763 Cnaeus
430 713 673 763 Servilius
714 713 890 780 Caepio
935 727 984 763 et
1024 713 1179 763 Caius
1220 712 1551 781 Sempronius
1591 714 1785 765 Blaesus

125 787 359 837 consules
384 803 503 836 cum
530 787 760 837 ducentis
789 787 1046 854 sexaginta
1073 786 1281 836 navibus
1318 788 1380 835 ad
1408 786 1640 837 Africam
1668 803 1784 853 pro-

126 858 248 908 fecti
275 870 425 918 sunt3
467 859 662 925 aliquot
681 859 909 909 civitates
931 869 1190 925 ceperunt.
1267 857 1499 908 Praedam
1527 860 1786 928 ingentem

125 932 446 991 reducentes,
475 931 799 1012 naufragium
820 931 951 999 passi
979 944 1111 981 sunt.
1189 930 1368 998 Itaque
1388 930 1508 981 cum
1529 932 1785 982 continuae

125 1003 434 1066 calamitates
463 1003 712 1054 Romanis
740 1004 1081 1070 displicerent,
1128 1004 1348 1053 decrevit
1393 1017 1617 1065 senatus,
1659 1020 1717 1055 ut
1754 1023 1781 1053 a

125 1075 390 1127 maritimis
415 1076 599 1143 praeliis
638 1078 998 1136 discederetur,
1024 1090 1073 1125 et
1096 1089 1178 1126 tam
1185 1090 1296 1125 turn
1339 1077 1595 1146 sexaginta
1634 1094 1784 1127 naves

125 1150 189 1199 ad
216 1149 508 1216 praesidium
537 1149 697 1198 Italiae
726 1150 872 1199 salvae
901 1162 1083 1199 essent.

198 1221 362 1272 Lucio
390 1221 600 1272 Caecilio
628 1222 860 1283 Metello,
887 1221 1013 1272 Caio
1038 1222 1192 1271 Furio
1236 1220 1426 1271 Pacillo
1470 1221 1786 1287 consulibus,

126 1294 371 1344 Metellus
399 1294 449 1343 in
477 1293 646 1345 Sicilia
675 1294 924 1344 Afrorum
953 1296 1156 1354 ducem,
1184 1311 1302 1345 cum
1329 1305 1537 1343 centum
1578 1294 1784 1362 triginta

125 1366 406 1434 elephantis
433 1379 481 1416 et
509 1367 703 1435 magnis
731 1368 889 1434 copiis
919 1367 1223 1427 venientem,
1263 1364 1552 1433 superavit3
1605 1367 1784 1435 viginti

126 1440 283 1489 millia
303 1439 526 1489 hostium
549 1441 762 1500 cecidit,
792 1457 877 1490 sex
899 1452 949 1489 et
967 1441 1145 1507 viginti
1167 1439 1458 1520 elephantos
1475 1438 1607 1505 cepit
1627 1459 1642 1499 3
1670 1441 1782 1489 reli-

127 1530 275 1580 quos,
301 1525 522 1562 errantes
550 1530 639 1579 per
681 1513 954 1572 Numidas,
999 1530 1127 1579 quos
1170 1513 1221 1561 in
1264 1511 1509 1561 auxilium
1550 1510 1783 1572 habebat,

127 1585 332 1654 collegit
358 1599 406 1634 et
434 1585 657 1634 Romam
683 1585 894 1635 deduxit
937 1585 1129 1654 ingenti
1174 1602 1381 1666 pompa,
1417 1601 1537 1634 cum
1577 1598 1784 1634 centum

127 1659 333 1727 triginta
359 1658 747 1725 elephantorum
775 1675 988 1707 numero
1016 1658 1185 1707 omnia
1214 1657 1390 1707 itinera
1415 1658 1711 1723 compleret.

200 1731 322 1781 Post
348 1730 459 1781 haec
485 1732 614 1780 mala
641 1728 1082 1798 Carthaginienses
1106 1730 1370 1799 Regulum
1397 1730 1600 1790 ducem,
1628 1747 1781 1796 quem

129 1815 385 1873 ceperant,
412 1802 684 1870 petierunt,
711 1817 766 1853 ut
794 1803 1018 1852 Romam
1046 1803 1470 1869 proficisceretur,
1488 1814 1536 1851 et
1563 1819 1738 1869 pacem
1756 1821 1784 1851 a

130 1877 383 1927 Romanis
408 1876 675 1938 obtineret,
704 1894 759 1926 ac
788 1877 1212 1943 permutationem
1239 1875 1551 1942 captivorum
1579 1874 1783 1925 faceret,

128 1952 238 2013 Ille,
258 1950 480 2000 Romam
499 1948 620 1999 cum
639 1950 874 2010 venisset,
896 1948 1133 1999 inductus
1151 1949 1201 1997 in
1223 1962 1472 2009 senatum,
1491 1947 1616 1998 nihil
1640 1950 1783 2015 quasi

193 2198 252 2240 In
274 2196 453 2253 aliquo,
446 2209 491 2237 ln
510 2195 586 2236 the
611 2194 738 2236 least¹
993 2203 1037 2236 to
1061 2194 1136 2235 the
1161 2204 1315 2236 senate
1338 2194 1508 2235 house
1501 2206 1542 2235 ln
1562 2194 1786 2244 achatim,

190 2260 263 2300 Ad
278 2255 515 2311 proesicitum
535 2253 673 2295 Italia:
692 2253 825 2305 sdvoe,
866 2252 930 2294 sor
991 2268 1015 2292 a
1057 2252 1240 2309 privileg
1229 2267 1268 2294 e
1311 2252 1458 2294 which
1512 2253 1599 2294 had
1649 2266 1785 2294 never

133 2318 212 2357 the
236 2323 482 2371 protectior]
507 2319 551 2354 ot
576 2312 706 2364 Ital).
990 2310 1115 2352 besto
1101 2326 1142 2352 e
1189 2313 1299 2353 been
1356 2310 1540 2353 allowed
1595 2319 1640 2353 to
1695 2325 1783 2366 any

195 2373 328 2417 Lucio
352 2372 519 2415 Caeczlio
540 2358 733 2421 Metello,
766 2369 929 2410 Lucius
992 2370 1185 2411 Roman

134 2432 342 2475 Caecilius
383 2429 611 2480 Metellus,
652 2442 738 2470 one
771 2426 824 2469 of
853 2436 930 2469 the
1056 2429 1088 2469 1
1089 2433 1304 2480 calentem,
1363 2425 1546 2484 coming
1606 2426 1784 2484 against

136 2502 253 2534 most
274 2489 521 2533 illustrious
544 2487 595 2528 of
611 2487 686 2528 the
710 2485 861 2539 family
885 2485 937 2526 of
992 2487 1102 2528 him.

134 2552 211 2593 the
233 2546 418 2593 Caecilii.
483 2546 631 2586 When
662 2546 737 2587 the
765 2547 929 2597 temple
1051 2545 1264 2593 Nanafdas,
1289 2544 1363 2584 tlle
1385 2542 1676 2596 Numidians,
1707 2543 1783 2584 the

133 2608 185 2651 of
201 2610 338 2649 Vesta
355 2619 443 2647 was
462 2604 507 2646 in
526 2605 696 2656 flames,
715 2603 770 2643 he
795 2603 926 2643 saved
989 2602 1169 2645 warlike
1188 2602 1468 2643 inhabitants
1486 2601 1538 2643 of
1552 2601 1783 2652 Numidia,

131 2669 245 2708 t‘rom
267 2665 302 2707 it
319 2664 395 2706 the
418 2661 667 2705 celebrated
689 2660 930 2716 palladium
991 2676 1047 2703 an
1091 2662 1272 2702 ancient
1310 2670 1497 2713 country
1537 2659 1589 2701 of
1617 2660 1785 2709 Africa,

131 2726 322 2777 ofTroy,
340 2722 483 2763 which
501 2721 585 2762 had
602 2720 715 2762 been
736 2719 931 2774 brought
991 2717 1375 2773 cornpreliending
1398 2717 1551 2759 within
1571 2717 1626 2759 its
1643 2718 1782 2759 boun-

130 2793 177 2826 to
200 2784 313 2834 Italy
336 2780 394 2834 by
413 2781 593 2822 AEneas.
654 2779 709 2820 In
745 2777 834 2819 this
856 2792 931 2818 ex·
991 2778 1137 2819 darios
1158 2778 1234 2819 the
1259 2786 1437 2831 present
1470 2775 1713 2831 kingdoms
1739 2775 1788 2819 of

133 2842 243 2897 ploit
265 2840 320 2882 be
343 2838 430 2880 lost
456 2838 526 2880 his
563 2837 684 2894 sight
723 2836 808 2877 and
845 2849 930 2876 one
990 2836 1167 2892 Algiers
1188 2836 1275 2877 and
1299 2833 1587 2891 Bildulgerid.

132 2901 184 2943 of
218 2900 288 2941 his
327 2910 461 2947 arms,
515 2873 628 2938 and:³
645 2909 732 2936 was
775 2907 931 2936 conse·
1050 2895 1104 2937 In
1125 2895 1338 2947 auxilium,
1359 2907 1408 2935 as
1431 2892 1569 2935 allies.

133 2956 321 3018 quently
344 2954 584 3012 permitted
620 2961 665 2996 to
702 2952 754 2996 be
777 2952 930 2996 drawn
