1934 3248
111 171 164 207 14.
612 163 905 206 EUTROPII
938 165 1237 209 HISTORIAE

106 303 167 336 ex
217 285 296 345 iis,
350 281 549 351 Appius
600 281 864 343 Claudius,
913 282 1135 352 Virginii
1185 285 1469 353 cujusdam,
1518 287 1605 353 qui
1653 286 1744 336 ho-

106 358 259 407 nestis
303 356 409 425 jam
454 355 711 422 stipendiis
762 368 933 405 contra
988 357 1196 407 Latinos
1241 358 1293 406 in
1338 371 1508 408 monte
1555 360 1744 426 Algido

106 427 369 488 militabat,
395 426 550 477 filiam
576 428 822 495 virginem
849 445 1171 495 corrumpere
1201 431 1375 491 voluit,
1416 447 1567 498 quarn
1607 444 1746 497 pater

101 501 310 559 occidit,
336 518 399 550 ne
424 514 653 567 stuprum
678 518 705 549 a
745 500 1028 551 decemviro
1055 502 1354 553 sustineret·
1343 541 1358 564 ,
1398 516 1464 564 et,
1491 520 1747 572 regressus

103 575 165 624 ad
194 574 396 631 milites,
423 572 579 622 movit
607 572 900 621 tumultum.
974 573 1182 624 Sublata
1209 588 1283 625 est
1323 575 1618 626 decemviris
1657 593 1745 644 po

105 658 274 706 testas,
302 646 497 713 ipsique
524 644 745 693 damnati
773 658 906 694 sunt.

176 722 330 768 Anno
371 716 724 768 trecentesimo
774 717 973 767 decimo
1022 718 1200 784 quinto
1250 718 1312 770 ab
1354 718 1477 768 urbe
1526 718 1748 779 condita,

104 791 371 843 Fidenates
396 802 571 840 contra
599 788 864 838 Romanos
891 789 1275 840 rebellaverunt.
1325 791 1591 840 Auxilium
1619 809 1748 859 prae-

103 864 299 914 stabant
322 863 400 913 his
425 862 671 929 Vejentes
698 874 765 922 et,
793 878 879 910 rex
905 862 1225 931 Vejentium,
1251 862 1591 924 'Tolumniu83
1632 881 1746 931 quae

102 936 263 986 ambae
290 936 513 986 civitates
540 947 642 984 tarn
669 935 847 984 vicinae
874 934 986 983 urbi
1013 947 1148 994 sunt,
1190 948 1246 984 ut
1273 935 1475 985 Fidenae
1515 937 1748 1004 septimo,

101 1009 345 1077 Vejentes
372 1020 550 1058 octavo
589 1007 787 1057 decimo
825 1007 1074 1070 milliario,
1103 1007 1281 1057 absint.
1356 1007 1749 1075 Conjunxerunt

103 1099 153 1131 se
179 1081 257 1131 his
281 1092 330 1130 et
345 1080 550 1142 Volsci3
579 1080 665 1130 sed
688 1079 868 1128 Marco
887 1079 1099 1130 AEmilio
1115 1083 1375 1142 dictatore,
1393 1081 1555 1131 Lucio
1578 1082 1746 1150 Quin-

99 1155 171 1204 tio
198 1153 500 1204 Cincinnato
528 1153 766 1221 magistro
793 1152 1041 1235 equiturn,
1069 1153 1206 1214 victi,
1224 1153 1373 1202 etiam
1392 1170 1561 1221 regem
1583 1155 1748 1222 perdi-

100 1228 300 1277 derunt.
376 1225 581 1275 Fidenae
633 1237 792 1292 captae
835 1237 884 1274 et
929 1228 1126 1276 excisae.
1227 1225 1351 1276 Post
1398 1227 1574 1294 viginti
1631 1228 1748 1283 inde

101 1317 278 1358 annos,
328 1297 602 1368 Vejentani
649 1298 1031 1348 rebellaverunt.
1106 1298 1341 1348 Dictator
1389 1311 1562 1349 contra
1614 1299 1748 1380 ipsos

102 1373 285 1422 missus
312 1375 387 1421 est
412 1370 595 1421 Furius
634 1370 898 1430 Camillus,
938 1373 1025 1437 qui
1072 1370 1294 1438 primum
1325 1371 1444 1422 vicit
1483 1389 1569 1421 eos
1608 1372 1747 1432 acie3

103 1462 221 1493 mox
261 1444 411 1494 etiam
450 1444 702 1494 civitatem
747 1444 834 1492 diu
878 1442 1112 1495 obsidens
1154 1444 1305 1510 cepit,
1349 1445 1746 1510 antiquissimam

101 1518 361 1585 Italiaeque
403 1517 718 1566 ditissimam.
793 1515 914 1565 Post
956 1534 1065 1566 eam
1106 1517 1236 1584 cepit
1275 1531 1324 1567 et
1367 1517 1606 1577 Falisco5,
1649 1535 1749 1566 non

104 1588 273 1640 minus
301 1588 521 1638 nobilem
562 1589 875 1649 civitatem„
906 1588 1006 1638 Sed
1050 1601 1304 1640 commota
1341 1601 1416 1639 est
1453 1591 1498 1640 ei
1544 1590 1747 1648 invidia,

105 1664 249 1730 quasi
297 1662 519 1729 praedam
572 1659 702 1711 male
761 1660 1042 1724 divisisset3
1105 1664 1474 1728 damnatusque
1523 1662 1587 1712 ob
1638 1680 1746 1712 earn

105 1752 307 1786 causam
336 1747 385 1784 et
413 1735 652 1802 expulsus
679 1733 878 1784 civitate
906 1747 995 1783 est.

176 1809 357 1858 Statim
387 1807 525 1856 Galli
547 1806 773 1857 Senones
800 1808 861 1856 ad
889 1807 1063 1857 urbem
1086 1819 1362 1867 venerunt3
1390 1818 1439 1855 et
1461 1806 1619 1857 victos
1641 1806 1748 1856 Ro-

38 1940 41 1943 ,
105 1898 281 1930 manos
323 1881 592 1930 undecimo
630 1880 865 1928 milliario
911 1879 971 1929 ab
1012 1879 1134 1928 urbe
1174 1878 1344 1928 Roma
1384 1880 1516 1946 apud
1560 1878 1749 1928 flumen

109 1955 297 2002 Alliam
326 1954 504 2013 secuti,
531 1953 679 2002 etiam
710 1953 884 2001 urbem
911 1963 1285 2018 occupaverunt
1309 1972 1325 2011 3
1364 1969 1529 2018 neque
1547 1951 1749 2001 defendi

107 2027 383 2093 quidquam
412 2025 506 2075 nisi
533 2026 823 2092 capitolium
852 2026 1034 2091 potuit,
1061 2026 1198 2092 quod
1238 2023 1358 2074 cnm
1397 2025 1486 2073 diti
1529 2023 1750 2074 obsedis-

109 2112 235 2160 sent,
258 2112 304 2149 et
327 2099 431 2168 jam
461 2098 683 2147 Romani
722 2097 856 2146 farne
895 2098 1194 2158 laborarent,
1232 2115 1260 2146 a
1299 2096 1534 2159 Camillo,
1573 2098 1660 2164 qui
1700 2097 1750 2147 in

169 2325 606 2381 Honestisstipendiis‚
621 2323 729 2365 with
746 2323 902 2366 honor.
1026 2323 1146 2366 Galli
1186 2323 1377 2375 Senones,
1417 2323 1494 2365 the
1540 2323 1753 2377 Senones,

170 2389 426 2434 Decemvzw,
448 2384 619 2439 Appius
640 2382 871 2425 Claudius.
963 2396 1019 2423 an
1060 2381 1320 2424 [incivilized
1358 2382 1511 2437 {neople
1545 2382 1596 2423 of
1621 2382 1755 2433 Gaul,

169 2447 320 2488 Marco
359 2443 548 2491 AEnn'lio,
593 2441 669 2483 the
710 2442 905 2497 preposi-
965 2441 1082 2494 who,
1103 2440 1243 2482 under
1266 2441 1340 2481 the
1363 2442 1554 2482 conduct
1575 2440 1754 2483 oftlieir

106 2506 201 2547 tion
224 2521 247 2545 α
271 2506 306 2546 is
330 2503 433 2544 here
452 2500 743 2542 understood.
965 2514 1073 2554 gent
1067 2498 1141 2541 rai
1170 2500 1391 2552 Brennus,
1412 2498 1492 2540 left
1515 2498 1630 2539 their
1651 2514 1750 2540 own

168 2563 312 2616 Captet
346 2568 386 2603 et
418 2559 570 2612 excisae,
604 2565 700 2600 sunt
741 2557 902 2600 under·
959 2567 1163 2611 country,
1184 2556 1270 2598 and
1293 2556 1482 2599 invaded
1504 2555 1590 2599 and
1625 2558 1666 2611 pl
1674 2572 1753 2599 un-

107 2636 144 2664 s
132 2624 251 2663 ood.
960 2615 1090 2658 deret}
1115 2617 1270 2658 Rome.

166 2679 359 2727 Faliscos,
382 2690 405 2718 a
428 2676 517 2728 city
533 2673 584 2716 of
615 2675 691 2717 the
727 2676 759 2716 Γ
763 2674 902 2727 ulisci,
1021 2675 1191 2724 Alliam,
1213 2672 1346 2724 Allia,
1368 2687 1393 2714 a
1415 2672 1529 2715 river
1551 2671 1602 2714 of
1622 2672 1754 2727 Italy,

106 2753 130 2780 a
155 2739 311 2794 people
333 2734 383 2776 of
401 2733 594 2776 Etruria.
959 2733 1095 2776 about
1118 2732 1273 2774 eleven
1299 2731 1425 2773 miles
1448 2732 1560 2773 from
1594 2731 1752 2775 Rome.

166 2796 238 2845 Εἰ,
258 2795 435 2850 against
451 2794 561 2835 him.
1019 2792 1059 2834 Α
1095 2790 1268 2834 Camillo
1305 2789 1444 2832 Gallis
1473 2796 1753 2846 superventum

162 2855 309 2909 Quasi,
342 2852 482 2896 under
512 2853 589 2894 the
621 2849 900 2907 supposition
961 2856 1035 2899 est,
1074 2850 1148 2891 the
1185 2848 1325 2890 Gauls
1368 2862 1476 2889 were
1513 2858 1755 2904 nnexpect-

107 2912 222 2956 that.
963 2908 1062 2964 edly
1081 2906 1285 2951 attached
1310 2905 1366 2962 by
1388 2905 1620 2949 Camillus.

1929 754 1934 773 ..
1902 491 1934 737 -fi-A-ssan-flss
1902 385 1934 487 mg
1900 193 1934 406 32M.
1916 308 1917 314 Α
1901 239 1914 280 ‘⁵—
1897 59 1934 207 (mk)
1920 44 1934 62 χῖ
1906 0 1907 3 ⁴
