1934 3248
155 92 212 137 66
648 88 957 137 ΕΠΤΒΟΡΙΓ
979 89 1285 138 HISTORIAE

150 205 349 258 rediens
384 224 411 257 e
443 207 615 261 Gallia
642 211 820 273 victor,
846 212 1005 279 coepit
1029 213 1301 281 deposcere
1325 213 1538 270 alterum
1563 213 1806 266 consula-³

151 290 281 340 tum,
306 291 476 349 atque,
503 280 624 332 cum
651 283 760 334 sine
785 285 1042 335 dubietate
1079 284 1248 353 aliqua
1271 286 1570 347 deferretur,
1595 299 1806 338 contra--

148 351 342 402 dictum
387 366 463 405 est
505 372 534 404 a
573 354 824 407 Marcello
861 358 1090 420 consule,
1127 377 1156 408 a
1192 359 1395 419 Bibulo,
1421 358 1738 427 aPompeiO,
1762 377 1794 410 a

146 423 343 476 Catone
365 446 380 486 ς
415 427 711 496 jussusque,
734 430 956 481 dimissis
981 430 1303 490 exercitibus,
1320 433 1381 481 ad
1406 431 1583 481 urbem
1600 431 1762 482 redire
1779 448 1795 481 z

144 508 350 564 propter
394 518 547 566 quam
586 500 824 570 injuriam
869 502 930 553 ab
976 504 1233 561 AriminO,
1261 503 1347 554 ubi
1374 504 1557 554 milites
1581 520 1795 573 congre-

144 581 288 635 gatos
350 569 582 633 habebat,
621 571 889 623 adversum
939 576 1151 642 patriam
1204 593 1322 626 cum
1375 576 1598 627 exercitu
1635 577 1791 627 venit.

145 641 394 694 Consules
421 661 539 694 cum
566 644 833 712 Pompeio,
859 660 1162 714 senatusque
1184 650 1370 708 omnis,
1390 662 1544 716 atque
1560 649 1792 699 universa

142 714 377 766 nobilitas
415 734 475 766 ex
518 717 642 768 urbe
681 718 831 787 fugit,
870 732 920 769 et
955 721 1008 770 in
1044 720 1299 770 Graeciam
1338 722 1601 782 transivit3
1656 721 1792 789 apud

139 786 373 854 Epirum,
412 789 792 851 Macedoniam,
833 790 1101 854 Achaiam,
1138 793 1385 862 Pompeio
1428 795 1577 855 duce,
1617 794 1791 845 contra

141 859 396 910 Caesarem
425 862 617 912 bellum
645 863 853 931 paravit.

211 932 400 994 Caesar,
438 952 650 986 vacuam
694 936 873 986 urbem
914 936 1186 1005 ingressus,
1230 937 1527 987 dictatorem
1572 937 1790 989 se‘fecit.

135 1003 262 1055 Inde
290 1005 562 1073 Hispanias
588 1008 747 1077 petiit.
823 1008 902 1058 Ibi
926 1009 1158 1076 Pompeii
1183 1011 1432 1061 exercitus
1457 1008 1789 1060 validissimos

138 1091 189 1128 et.
210 1078 532 1142 fortissimos,
559 1098 679 1131 curn
703 1080 864 1133 tribus
889 1082 1123 1143 ducibus,
1150 1082 1315 1142 Lucio
1343 1083 1576 1143 Afranio,
1605 1083 1786 1133 Marco

135 1149 356 1213 Petreio,
408 1153 591 1205 Marco
638 1154 891 1214 Varrone,
940 1155 1208 1221 superavit.
1282 1156 1410 1206 Inde
1446 1172 1695 1217 reversus,
1731 1155 1787 1205 in

136 1222 395 1275 Graeciam
451 1225 698 1277 transivit.
774 1226 1065 1277 Adversum
1125 1227 1430 1295 Pompeium
1490 1229 1784 1288 dimicavit;

132 1295 298 1362 primo
337 1299 511 1365 praelio
553 1299 717 1351 victus
757 1314 832 1350 est
865 1311 915 1350 et
958 1301 1185 1368 fugatus,
1227 1302 1382 1351 evasit
1420 1313 1610 1367 tamen,
1647 1301 1787 1368 quia,

131 1381 281 1420 nocte
330 1371 713 1434 interveniente,
760 1371 1037 1439 Pompeius
1090 1374 1235 1440 sequi
1295 1374 1491 1435 noluit3
1557 1375 1787 1441 dixitque

133 1439 322 1503 Caesar,
363 1462 455 1496 nec
479 1445 786 1513 Pompeium
811 1446 938 1495 scire
964 1446 1182 1505 vincere,
1210 1459 1260 1495 et
1286 1447 1371 1497 illo
1397 1444 1597 1496 tantum
1625 1447 1704 1496 die
1731 1463 1783 1496 se

129 1515 354 1581 potuisse
381 1518 620 1586 superari.
695 1518 898 1568 Deinde
925 1519 976 1568 in
1001 1517 1272 1569 Thessalia
1295 1521 1428 1586 apud
1465 1518 1786 1586 Palaeophar-

130 1588 313 1650 salum,
340 1592 600 1656 productis
626 1592 863 1658 utrinque
891 1591 1179 1660 ingentibus
1205 1592 1381 1659 copiis,
1399 1592 1782 1642 dimicaverunt.

126 1659 360 1728 Pompeii
384 1664 515 1714 acies
541 1663 718 1714 habuit
745 1665 1076 1731 quadraginta
1103 1665 1258 1714 millia
1283 1665 1532 1731 pediturn,
1550 1665 1784 1731 equitum

56 1751 65 1768 ν
128 1731 182 1781 in
245 1735 445 1786 sinistro
495 1754 655 1787 cornu
717 1751 910 1805 septem
956 1737 1130 1798 millia,
1181 1738 1232 1786 in
1270 1738 1447 1788 dextro
1487 1737 1782 1806 quingenta,

126 1819 368 1871 praeterea
406 1809 562 1860 totius
599 1809 828 1860 Orientis
866 1809 1069 1871 auxilia,
1125 1823 1388 1878 totamque
1445 1810 1782 1871 nobilitatem,

124 1879 419 1932 innumeros
461 1897 736 1944 senatores,
781 1882 1063 1951 praetorios,
1109 1885 1421 1943 consulares,
1447 1895 1497 1932 et
1524 1883 1617 1950 qui
1640 1900 1783 1952 mag-

125 1969 309 2003 norum
331 1955 438 2024 jam
466 1956 774 2022 populorum
813 1957 1028 2005 victores
1068 1954 1299 2006 fuissent.
1377 1956 1547 2006 Caesar
1585 1956 1636 2005 in
1675 1957 1780 2006 acie

127 2024 218 2074 suz'i
261 2025 436 2077 habuit
476 2029 705 2095 peditum
747 2046 849 2077 non
887 2029 1081 2097 integra
1118 2029 1323 2097 triginta
1360 2028 1534 2089 millia,
1584 2029 1780 2095 equites

125 2098 279 2148 inille.
354 2100 640 2168 Nunquam
667 2100 833 2151 adhuc
860 2100 1111 2151 Romanae
1138 2103 1298 2169 copiae
1325 2100 1376 2150 in
1407 2118 1567 2152 unum
1612 2118 1779 2168 neque

125 2171 359 2241 majores,
397 2191 564 2241 neque
602 2173 895 2224 melioribus
938 2172 1172 2235 ducibus,
1211 2186 1568 2235 convenerant,
1611 2185 1780 2224 totum
1832 2235 1833 2239 Ἰ

183 2370 286 2413 Cam
333 2369 424 2412 sine
463 2373 533 2422 ἃς.
581 2369 712 2412 when
754 2369 789 2412 it
831 2382 920 2410 was
979 2368 1130 2411 Janna
1148 2370 1373 2413 orJauna.

125 2428 348 2470 bestowed
371 2443 430 2471 on
466 2429 561 2471 him
600 2430 789 2471 without
831 2441 921 2483 any
1040 2427 1702 2483 Palaeopliarsalum,Pharsalus
1717 2443 1781 2482 or,

118 2486 379 2530 hesitation.
980 2499 1031 2529 as
1071 2487 1106 2528 it
1152 2488 1189 2528 is
1231 2501 1332 2527 now
1370 2486 1528 2541 called,
1568 2490 1716 2538 Parsa,
1753 2504 1780 2531 a

180 2546 390 2602 Dixitque
413 2547 552 2590 Caesor
584 2550 656 2601 ‹S-c.
701 2544 780 2587 the
816 2557 920 2586 con-
981 2553 1102 2587 town
1143 2544 1195 2586 of
1227 2545 1475 2599 Thessaly3
1520 2560 1628 2588 near
1669 2547 1703 2589 it
1738 2547 1776 2588 is

121 2606 365 2654 struction;
409 2605 621 2661 Caesarque
656 2605 774 2656 dixit,
801 2604 921 2645 Pom·
980 2617 1007 2644 a
1029 2603 1149 2659 large
1191 2602 1312 2658 plain
1352 2602 1494 2645 called
1529 2604 1776 2649 Pharsalia.

112 2663 257 2716 ,veiam
312 2678 383 2706 nec
431 2667 537 2706 scire
588 2665 762 2713 vincere,
803 2670 843 2704 et
880 2676 922 2704 se
977 2662 1073 2704 The
1129 2661 1268 2704 battle
1320 2663 1370 2703 of
1415 2662 1648 2705 Pharsalia
1687 2677 1778 2705 was

115 2723 292 2775 potuisse
313 2723 502 2777 superari
523 2723 685 2765 tantum
708 2722 779 2764 illo
799 2722 878 2762 die.
978 2719 1139 2776 fought
1179 2734 1237 2762 on
1279 2720 1357 2762 the
1389 2720 1561 2764 twelfth
1581 2722 1633 2765 of
1650 2722 1776 2779 May,

182 2780 438 2832 Thessaliam,
477 2782 711 2835 Thessaly,
751 2793 777 2822 a
820 2793 919 2834 pro·
976 2781 1031 2823 A.
1055 2780 1106 2820 C.
1127 2784 1199 2822 48.

119 2836 246 2882 vince
293 2837 346 2881 of
388 2839 575 2893 Greece,
622 2853 722 2883 now
777 2837 916 2881 called
1034 2836 1396 2892 Inunum,locum
1418 2837 1704 2882 understood.
