1934 3248
116 154 174 191 34
610 152 901 197 EUTROPII
947 154 1250 198 HISTORIAE

117 268 321 318 doniam
342 269 580 322 Marcum
606 272 870 323 Valerium
893 273 1159 325 Laevinum
1187 276 1257 325 ire
1274 276 1553 345 jusserunt,
1576 276 1625 326 in
1652 276 1767 328 Sar-

115 341 304 391 diniam
330 344 509 393 Titum
533 345 786 395 Manlium
808 350 1195 413 proconsulem3
1236 366 1351 397 nam
1372 349 1521 398 etiam
1549 367 1623 410 ea,
1652 351 1766 399 soli-

120 415 268 464 citata
288 414 349 465 ab
378 417 649 478 Annibale,
678 419 942 468 Romanos
970 420 1272 469 deseruerat.

187 485 265 535 Ita
309 505 412 538 uno
453 505 678 556 tempore
717 506 933 556 quatuor
986 493 1107 541 locis
1156 492 1507 560 pugnabatur3
1547 495 1596 542 in
1625 490 1769 541 Itali'a

115 573 291 609 contra
319 561 646 622 Annibalem,
670 562 719 610 in
748 560 995 630 Hispania
1015 577 1188 613 contra
1210 565 1413 613 fratrem
1433 567 1541 634 ejus
1569 566 1764 614 Asdru-

116 629 300 692 balem,
329 633 378 681 in
402 633 711 683 Macedonia
731 649 903 684 contra
940 635 1255 703 Philippum,
1294 637 1343 684 in
1379 636 1608 686 Sardinia
1646 654 1766 686 con-

116 716 192 752 tra
217 703 401 755 Sardos
419 718 468 755 et
496 708 709 755 alterum
735 707 1072 758 Asdrubalem
1103 708 1590 776 Carthaginiensem.
1663 709 1711 758 Is
1739 727 1766 758 a

115 775 240 825 Tito
267 775 465 826 Manlio
487 780 804 845 proconsule,
834 781 921 846 qui
948 781 1008 828 ad
1049 780 1332 830 Sardiniam
1373 782 1553 831 missus
1582 781 1763 840 fuerat,

114 849 259 898 vivus
281 863 356 899 est
383 862 596 917 captus;
636 853 797 902 occisa
841 870 959 902 cum
1000 870 1059 901 eo
1105 853 1374 903 duodecim
1421 855 1595 911 millia,
1634 855 1767 919 capti

112 921 248 970 mille
269 922 561 990 quingenti:
601 937 649 972 et
676 942 702 973 a
730 924 979 974 Romanis
994 924 1223 975 Sardinia
1245 926 1470 975 subacta.
1538 926 1767 976 ‘Manlius

111 993 272 1043 victor
297 996 520 1062 captivos
539 1007 589 1045 et
618 996 958 1046 Asdrubalem
996 997 1219 1048 Romam
1247 997 1534 1065 reportavit.
1610 998 1771 1048 Inter-

114 1082 170 1115 ea
195 1067 347 1116 etiam
381 1067 651 1134 Philippus
682 1087 708 1118 a
751 1069 960 1120 Laevino
994 1071 1045 1118 in
1089 1068 1395 1121 Macedonia
1431 1070 1669 1131 vincitur,
1718 1084 1767 1120 et

112 1138 165 1188 in
191 1138 439 1207 Hispania
466 1159 492 1190 a
517 1141 839 1209 Scipionibus
863 1141 1118 1193 Asdrubal
1135 1157 1184 1194 et
1212 1139 1391 1212 Mago,
1410 1143 1588 1193 tertius
1614 1142 1769 1192 frater
1828 1176 1829 1179 =

115 1211 400 1264 Annibalis.
1231 1231 1239 1236 ·
1765 1266 1767 1268 ,

183 1282 404 1334 Decimo
430 1303 562 1335 anno
605 1296 873 1353 postquam
923 1285 1146 1336 Annibal
1194 1287 1247 1336 in
1298 1287 1495 1337 Italiam
1546 1299 1768 1347 venerat,

112 1353 296 1406 Publio
320 1357 566 1425 Sulpicio,
594 1358 752 1408 Cnaeo
792 1358 971 1408 Fulvio
996 1360 1308 1418 consulibus,
1354 1359 1578 1409 Annibal
1607 1376 1767 1426 usque

114 1428 176 1477 ad
198 1442 434 1495 quartum
456 1431 748 1480 milliarium
771 1431 906 1481 urbis
930 1432 1156 1494 accessit,
1178 1432 1374 1499 equites
1393 1433 1501 1502 ejus
1531 1449 1691 1499 usque
1708 1433 1769 1481 ad

113 1515 318 1568 portas:
360 1520 476 1552 mox
506 1504 775 1553 consulum
816 1516 975 1564 metu,
1015 1522 1133 1555 cum
1178 1505 1403 1555 exercitu
1437 1504 1768 1563 venientium,

117 1573 345 1624 Annibal
374 1577 433 1625 ad
462 1575 795 1643 Campaniam
823 1593 874 1626 se
913 1578 1120 1645 recepit.
1195 1578 1257 1627 In
1291 1576 1538 1645 Hispania
1564 1596 1591 1627 a
1617 1577 1769 1627 fratre

114 1647 401 1698 Asdrubale
428 1649 577 1698 ambo
602 1649 885 1715 Scipione5‚
913 1651 1000 1716 qui
1040 1667 1129 1717 per
1156 1651 1344 1700 multos
1371 1667 1527 1700 annos
1552 1650 1767 1700 victores

110 1717 331 1780 fuerant,
358 1720 767 1782 interficiuntur;
807 1723 1056 1773 exercitus
1083 1738 1252 1772 tamen
1287 1723 1480 1792 integer
1510 1722 1768 1784 remansit,

110 1808 233 1842 casu
260 1793 396 1842 enim
423 1794 601 1863 magis,
628 1793 783 1862 quam
809 1795 1012 1856 virtute,
1038 1808 1178 1845 erant
1198 1796 1414 1863 decepti.
1494 1795 1618 1864 Quo
1639 1807 1764 1845 tem-

109 1882 232 1932 pore
258 1865 410 1916 etiam
437 1885 464 1916 a
489 1870 696 1918 consule
723 1867 969 1917 Marcello
1006 1868 1191 1919 Siciliae
1239 1886 1421 1936 magna
1461 1885 1574 1934 pars
1624 1881 1767 1935 capta

112 1950 206 1998 est,
233 1956 386 2005 quam
414 1951 583 1988 tenere
613 1939 730 1989 Afri
756 1952 1048 2007 coeperant3
1090 1952 1139 1990 et
1184 1959 1245 1991 ex
1291 1938 1601 1991 nobilissima
1644 1940 1765 1990 urbe

110 2009 425 2079 Syracusana
450 2013 617 2078 praeda
637 2012 814 2081 ingens
835 2014 1036 2080 praelata
1058 2026 1149 2063 est.
1224 2013 1464 2063 Laevinus
1500 2013 1552 2062 in
1592 2012 1766 2063 Mace-

113 2081 263 2133 donia
304 2101 422 2133 cum
448 2084 704 2151 Philippo,
733 2097 784 2134 et
818 2087 989 2135 multis
1031 2086 1249 2136 Graeciae
1295 2086 1515 2153 populis,
1560 2098 1609 2134 et
1650 2103 1766 2153 rege

115 2155 254 2206 Asiae
281 2156 478 2217 Attalo,
518 2158 790 2207 amicitiam
820 2158 973 2219 fecit3
1013 2174 1063 2208 et
1108 2159 1169 2208 ad
1220 2158 1443 2209 Siciliam
1489 2157 1769 2224 profectus,

115 2229 411 2289 Annonem,
437 2231 691 2296 quendam
720 2229 966 2280 Afrorum
1009 2233 1212 2290 ducem,
1249 2232 1382 2297 apud
1425 2231 1768 2298 Agrigentum
1814 2254 1817 2255 ⁷

114 2300 370 2351 civitatem
399 2320 515 2352 cum
547 2303 656 2369 ipso
696 2305 883 2369 oppido
925 2304 1076 2371 cepit,
1116 2321 1338 2370 eumque
1381 2303 1605 2352 Romam
1649 2320 1768 2353 cum

113 2374 324 2439 captivis
342 2374 594 2424 nobilibus
615 2375 748 2424 misit
771 2395 781 2424 :
804 2377 1135 2445 quadraginta
1152 2376 1376 2426 civitates
1393 2377 1444 2424 in
1463 2375 1772 2425 deditionem

112 2446 323 2512 accepit,
345 2447 522 2514 viginti
543 2464 627 2496 sex
649 2450 971 2517 expugnavit.
1048 2449 1123 2498 Ita
1153 2449 1292 2498 omni
1333 2445 1505 2498 Sicilia
1547 2445 1768 2515 recept‘a,

113 2517 418 2569 Macedonia
443 2518 620 2581 fracta,
646 2538 764 2570 cum
810 2521 1002 2590 ingenti
1030 2520 1189 2590 gloria
1238 2521 1463 2570 Romam
1515 2537 1769 2588 regressus

175 2696 258 2749 Ea,
277 2694 497 2740 Sardinia.
1030 2695 1324 2750 Agrigentum,
1362 2708 1419 2736 an
1461 2694 1642 2736 ancient
1680 2694 1769 2750 city

175 2754 236 2807 Is,
258 2754 497 2798 Asdrubal.
973 2752 1024 2795 of
1051 2754 1200 2809 Sicily,
1243 2767 1340 2795 now
1376 2751 1518 2794 called
1555 2753 1772 2807 Gergenti

179 2812 280 2857 Cum
302 2828 360 2865 eo,
394 2812 523 2855 when
558 2813 612 2854 be
654 2826 743 2853 was
775 2811 912 2854 taken
974 2826 1022 2853 or
1064 2812 1296 2868 Giogenti.
1375 2812 1417 2852 It
1456 2810 1547 2853 still
1603 2812 1769 2853 retains

118 2871 333 2930 prisoner.
976 2884 1112 2924 many
1174 2879 1316 2913 traces
1373 2869 1423 2912 of
1473 2871 1529 2913 its
1579 2869 1770 2927 original

184 2930 358 2983 Virtute,
379 2930 548 2973 hostium
568 2929 604 2973 is
628 2927 913 2973 understood.
976 2928 1198 2986 splendor.
