1934 3248
160 67 220 106 68
658 64 954 110 EUTROPII
986 65 1289 110 HISTORIAE

154 181 416 233 consulem
442 182 583 245 fecit,
609 195 660 236 et
686 185 944 238 statimiad
971 183 1246 254 Hispanias
1285 195 1359 236 est
1385 183 1660 254 profectuS,
1693 184 1802 246 ubi,

154 252 386 322 Pompeii
403 254 515 318 filii,
536 256 724 309 Cnaeus
746 271 795 309 et
810 258 1014 318 Sextus,
1031 259 1209 327 ingens
1225 258 1414 308 bellum
1439 270 1801 325 reparaverant.

154 324 325 377 Multa
359 329 529 396 praelia
555 329 802 392 fuerunt3
843 331 1080 381 ultimum
1106 330 1337 398 praelium
1374 333 1508 398 apud
1546 329 1801 380 Mundam

152 399 428 462 civitatem,
454 401 506 451 in
531 420 634 469 quo
661 404 786 452 adeo
822 402 992 454 Caesar
1025 401 1155 470 pene
1181 402 1345 453 victus
1367 415 1463 464 est,
1489 413 1563 463 ut,
1601 402 1800 471 fugien-

152 468 286 521 tibus
312 473 434 534 suis,
469 491 523 524 se
548 475 763 525 voluerit
799 476 1046 536 occidere,
1071 493 1155 535 ne,
1183 486 1297 542 post
1334 487 1525 525 tantam
1561 476 1634 525 rei
1671 474 1802 524 mili-

152 542 270 594 taris
304 546 537 613 gloriam,
573 547 625 596 in
669 558 970 614 potestatem
1009 547 1424 607 adolescentium,
1468 558 1618 597 natus
1644 563 1800 597 annos

151 631 239 664 sex
281 630 331 666 et
374 618 762 687 quinquaginta,
806 620 1013 670 veniret.
1088 619 1349 686 Denique,
1391 620 1630 686 reparatis
1674 619 1797 680 suis,

152 687 306 749 vicit;
345 702 394 739 et
434 688 667 758 Pompeii
703 691 838 741 filius
876 693 1037 761 major
1080 692 1279 742 occisus
1316 703 1409 752 est,
1447 691 1613 741 minor
1648 691 1797 760 fugit.

152 757 279 809 Inde
306 759 496 823 Caesar,
521 761 664 814 bellis
687 765 916 816 civilibus
941 776 1048 814 toto
1074 763 1194 814 orbe
1234 764 1547 831 compositis,
1574 763 1799 813 Romam

150 832 334 883 rediit:
384 850 531 903 agere
583 835 881 887 insolentius
937 836 1114 902 coepit,
1165 848 1215 887 et
1266 849 1439 887 contra
1476 836 1801 887 consuetudi-

138 921 269 961 ¹,nem
308 904 562 958 Romanae
601 907 859 959 libertatis.
936 907 1074 959 Cum
1116 925 1237 978 ergo
1275 921 1324 959 et
1359 908 1578 959 honores
1611 926 1672 958 ex
1713 906 1802 958 sua

149 978 409 1043 voluntate
450 991 727 1046 praestaret,
784 983 872 1049 qui
918 999 945 1029 a
996 982 1187 1048 populo
1239 992 1384 1032 antea
1433 980 1807 1041 deferebantur,

149 1066 242 1100 nec
293 1052 512 1112 senatui⁵
549 1053 612 1102 ad
673 1071 725 1104 se
786 1053 1006 1104 venienti
1067 1065 1367 1122 assurgeret,
1421 1054 1616 1121 aliaque
1668 1053 1803 1121 regia

146 1138 205 1171 ac
250 1121 380 1189 pene
414 1125 674 1195 tyrannica
702 1126 908 1186 faceret,
936 1125 1258 1195 conjuratum
1285 1137 1359 1177 e‘st
1385 1125 1438 1175 in
1464 1143 1582 1177 eum
1609 1144 1636 1176 a
1662 1142 1802 1175 sexa-

145 1194 285 1260 ginta
346 1198 426 1246 vel
486 1197 703 1265 amplius
754 1198 1068 1249 senatoribus
1115 1198 1474 1266 equitibusque
1535 1199 1801 1248 Romanis.

142 1265 395 1335 Praecipui
421 1270 630 1320 fuerunt
656 1271 786 1320 inter
812 1272 1101 1340 conjuratos
1127 1272 1231 1321 duo
1256 1271 1422 1333 Bruti,
1449 1289 1510 1321 ex
1536 1289 1595 1321 eo
1616 1270 1800 1340 genere

144 1338 292 1388 Bruti
330 1342 418 1406 qui
445 1343 637 1409 primus
667 1343 851 1395 Romae
880 1345 1057 1394 consul
1093 1355 1168 1395 est
1205 1343 1370 1395 factus
1397 1354 1447 1395 et
1472 1361 1614 1412 reges
1640 1360 1799 1411 expu-

143 1411 287 1473 lerat,
328 1412 483 1464 Caius
522 1414 748 1475 Cassius,
798 1429 846 1467 et
889 1416 1133 1467 Servilius
1178 1416 1357 1467 Casca.
1429 1415 1565 1484 Ergo
1608 1415 1801 1476 Caesar,

143 1482 264 1533 curn
292 1499 495 1538 senatus
521 1488 601 1538 die
628 1488 846 1556 quadam
865 1491 995 1539 inter
1021 1501 1229 1540 caeteros
1251 1489 1468 1541 venisset
1494 1489 1555 1540 ad
1584 1490 1798 1550 curiam,

145 1555 304 1608 tribus
332 1569 381 1610 et
407 1560 590 1630 viginti
616 1563 909 1612 vulneribus
936 1562 1203 1614 confossus
1229 1574 1321 1612 est.

648 1851 864 1903 LIBER
915 1850 1302 1903 SEPTIMUS.

151 2007 325 2056 Amo
378 2004 515 2056 urbis
570 2006 1016 2075 septingentesimo
1067 2005 1176 2056 fere
1231 2025 1288 2057 ac
1326 2022 1481 2067 non0,
1532 2005 1799 2058 interfecto

153 2077 373 2140 Caesare,
417 2078 548 2128 bella
585 2079 749 2130 civilia
779 2092 1004 2148 reparata
1045 2091 1196 2141 sunt3
1253 2078 1629 2146 percussoribus
1667 2081 1803 2130 enirn

151 2150 366 2202 Caesaris
393 2163 595 2202 senatus
615 2152 852 2214 favebat3
896 2151 1152 2202 Antonius
1182 2152 1378 2214 consul,
1394 2151 1611 2219 partium
1630 2151 1800 2203 Caesa-

150 2225 239 2285 ris,
264 2223 399 2274 civili
431 2225 565 2276 bello
603 2226 887 2293 opprimere
931 2242 1017 2276 eos
1060 2223 1351 2275 conabatur.
1427 2223 1562 2294 Ergo
1601 2225 1801 2276 turbata

151 2295 428 2364 republica,
469 2298 630 2348 multa
668 2298 926 2348 Antonius
969 2298 1157 2349 scelera
1196 2297 1537 2357 committenS,
1562 2315 1590 2347 a
1624 2311 1800 2349 senatu

150 2368 309 2420 hostis
337 2369 596 2438 judicatus
638 2383 729 2422 est.
805 2370 955 2421 Missi
997 2370 1060 2421 ad
1095 2387 1213 2420 eum
1248 2371 1656 2438 persequendum
1700 2371 1802 2420 duo

152 2442 406 2504 consules,
431 2442 595 2493 Pansa
621 2455 671 2494 et
691 2443 912 2505 HirtiuS,
935 2453 986 2493 et
1020 2442 1353 2503 Octavianus,
1378 2443 1668 2493 adolescens
1712 2460 1798 2492 an-

150 2531 243 2566 nos
270 2515 556 2567 octodecim
581 2528 748 2578 natus,
775 2515 990 2568 Caesaris
1015 2532 1195 2584 nepos,
1221 2533 1374 2584 quem
1400 2515 1482 2566 ille
1501 2527 1801 2567 testamento

213 2714 433 2767 Mundam,
463 2712 655 2767 Munda,
680 2713 889 2769 formerly
923 2727 949 2756 a
1009 2721 1111 2758 sent
1132 2727 1265 2757 name
1286 2714 1323 2758 is
1343 2714 1586 2772 Mondego.

146 2771 254 2828 city,
272 2786 374 2815 now
396 2786 422 2814 a
444 2773 583 2814 castle
615 2772 663 2815 in
699 2773 854 2830 Spain,
883 2771 948 2815 six
1068 2773 1284 2824 Panium,
1333 2787 1418 2817 one
1480 2774 1533 2817 of
1587 2774 1664 2817 the
1727 2773 1805 2817 ad-

146 2832 332 2889 leagues
355 2831 469 2875 from
493 2830 690 2890 Malaga.
751 2831 815 2875 Its
853 2845 949 2888 pre·
1007 2829 1206 2878 herents.
