1978 3226
695 152 879 196 LIBER
910 151 1213 202 QUARTUS.
1730 161 1788 200 43

140 277 343 338 Famea,
394 275 496 325 dux
546 273 693 333 aliuS,
736 272 984 341 equitatui
1028 285 1239 341 praeerat
1275 272 1788 346 Carthaginiensium.

141 350 315 418 Scipio
343 360 485 408 tunc,
511 345 762 414 Scipionis
793 344 1025 397 Africani
1052 363 1230 414 nepos,
1258 346 1490 398 tribunus
1516 349 1582 399 ibi
1610 349 1794 400 milita-

142 423 246 484 bat,
283 423 429 492 cujus
475 421 608 487 apud
655 436 830 469 omnes
857 418 1034 487 ingens
1071 431 1236 470 metus
1270 433 1318 470 et
1353 422 1630 472 reverentia
1653 437 1793 484 erat;

144 512 262 545 nam
282 507 331 544 et
356 493 698 561 paratissimus
725 493 786 541 ad
812 491 1177 552 dimicandum,
1206 503 1254 542 et
1279 494 1682 545 consultissimus
1707 494 1796 545 ha·

144 567 370 619 bebatur.
447 565 625 633 Itaque
653 582 741 632 per
761 581 878 614 eum
906 566 1064 615 multa
1092 564 1330 633 prospere
1357 580 1496 635 gesta
1523 580 1672 618 sunt:
1711 585 1800 619 ne-

145 657 245 709 que
272 639 552 707 quidquam
595 636 756 706 magis
795 638 875 686 vel
915 637 1173 688 Asdrubal
1212 640 1291 688 vel
1331 640 1516 689 Famea
1558 640 1801 701 vitabant,

146 712 301 782 quam
328 724 503 762 contra
543 728 654 760 eam
698 710 1052 761 Romanorum
1095 723 1290 779 partem
1316 730 1539 782 pugnam
1566 713 1803 764 commit-

147 802 272 844 tere,
307 784 394 834 ubi
418 784 591 850 Scipio
618 782 903 833 dimicabat.
973 813 1009 845 γ

215 858 315 909 Per
340 858 476 907 idem
503 870 702 923 tempus
724 855 1015 917 Masinissa,
1041 874 1129 907 rex
1148 855 1514 919 Numidarum,
1532 874 1621 925 per
1645 875 1803 909 annos
1864 854 1919 870 “⁷

67 951 70 954 ’
149 931 407 1000 sexaginta
434 928 539 979 fere
566 929 758 979 amicus
777 929 952 997 populi
973 929 1217 991 Romani,
1239 947 1370 979 anno
1387 929 1502 981 vitae
1525 948 1628 981 suae
1646 948 1804 981 nona·
1853 951 1858 954 ’
1884 962 1891 967 -

149 1005 344 1074 gesimo
372 1002 586 1070 septimo
612 1016 845 1053 mortuus
872 1015 966 1063 est,
989 1003 1318 1071 quadraginta
1347 1017 1563 1070 quatuor
1592 1003 1707 1054 filiis
1727 1021 1806 1054 re-

149 1077 298 1128 lictis,
372 1076 666 1143 Scipionem
695 1075 964 1125 divisorem
992 1076 1136 1145 regni
1161 1077 1290 1126 inter
1317 1075 1448 1127 filios
1475 1077 1766 1146 essejussit.

222 1148 360 1200 Cum
387 1148 539 1216 igitur
565 1148 758 1198 clarum
786 1147 1037 1216 Scipionis
1079 1167 1267 1199 nomen
1307 1162 1456 1211 esset,
1480 1150 1684 1220 juvenis
1720 1150 1807 1201 ad-

151 1222 251 1273 huc
276 1224 456 1273 consul
494 1234 568 1270 est
594 1219 777 1282 factuS,
806 1234 854 1270 et
881 1233 1055 1272 contra
1095 1221 1456 1292 Carthaginem
1482 1223 1682 1274 missus.
1758 1223 1808 1274 Is

154 1312 265 1346 eam
293 1295 426 1361 cepit
452 1311 507 1344 ac
534 1293 687 1343 diruit
712 1314 722 1345 :
761 1295 918 1362 spolia
955 1295 1024 1344 ibi
1066 1294 1288 1355 inventa,
1329 1314 1442 1363 quae
1470 1296 1532 1346 de
1558 1297 1810 1347 variarum

153 1368 414 1419 civitatum
443 1367 650 1417 excidiis
678 1366 936 1436 Carthago
964 1367 1254 1438 collegerat,
1277 1380 1328 1418 et
1352 1381 1648 1419 ornamenta
1675 1369 1812 1420 urbi·

154 1457 264 1502 um,
303 1438 588 1492 civitatibus
630 1441 839 1500 Siciliae,
880 1441 1058 1499 Italiae,
1099 1454 1148 1491 et
1190 1440 1383 1493 Africae
1429 1442 1666 1502 reddidit,
1694 1460 1810 1510 quae

157 1532 246 1565 sua
271 1512 718 1582 recognoscebant.
793 1513 869 1563 Ita
896 1512 1173 1584 CarthagO,
1203 1516 1652 1583 septingentesimo
1678 1533 1811 1566 anno

156 1599 426 1656 postquam
466 1586 669 1637 condita
710 1604 834 1648 erat,
879 1587 1042 1637 deleta
1076 1601 1166 1638 est.
1240 1587 1414 1656 Scipio
1440 1607 1647 1648 nomen,
1675 1590 1814 1657 quod

157 1677 279 1711 avus
319 1660 430 1729 ejus
469 1671 748 1726 acceperat,
775 1660 980 1722 meruit,
1008 1661 1218 1720 scilicet,
1246 1675 1302 1713 ut
1341 1674 1546 1732 propter
1572 1662 1813 1714 virtutem

158 1734 308 1784 etiam
335 1733 441 1800 ipse
470 1732 746 1783 Africanus
774 1732 799 1784 J
807 1734 952 1783 unior
976 1746 1258 1787 vocaretur.

229 1806 440 1856 Interim
467 1806 517 1855 in
545 1805 851 1857 Macedonia
893 1806 1100 1874 quidam
1142 1806 1639 1877 Pseudo-Philippus
1677 1826 1816 1859 arma

158 1879 337 1941 movit,
365 1891 414 1929 et
441 1878 738 1929 Romanurn
767 1890 1056 1947 praetorem,
1078 1878 1320 1932 Publium
1351 1879 1376 1931 J
1384 1883 1674 1943 uvencium,
1693 1900 1819 1933 con-

162 1964 237 2002 tra
263 1968 314 2002 se
342 1952 573 2011 missurn,
601 1952 663 2001 ad
690 1952 1086 2003 internecionem
1113 1953 1249 2004 vicit.
1321 1953 1446 2004 Post
1487 1972 1605 2005 eum
1648 1955 1818 2024 Quin-

161 2037 243 2075 tus
269 2024 508 2076 Caecilius
535 2024 782 2076 Metellus
808 2025 912 2075 dux
940 2044 968 2075 a
990 2026 1242 2077 Romanis
1268 2038 1442 2077 contra
1467 2026 1817 2079 Pseudo-Phi-

158 2098 354 2167 lippum
382 2098 565 2149 missus
590 2110 686 2160 est,
710 2111 779 2163 et,
796 2099 974 2168 viginti
996 2100 1222 2167 quinque
1242 2100 1463 2152 millibus
1484 2119 1545 2152 ex
1574 2101 1819 2153 militibus

226 2286 490 2332 Committere
509 2302 702 2346 pugnam,
721 2297 766 2333 to
789 2287 917 2346 fight.

224 2346 394 2391 Juvenis
443 2348 586 2400 adhuc,
626 2347 763 2406 being
804 2348 896 2392 still
938 2363 963 2392 a

164 2418 319 2462 young
341 2419 464 2449 man.
525 2407 674 2449 When
698 2407 841 2464 Scipio
873 2422 963 2451 was

168 2462 341 2507 elected
383 2463 556 2516 consui,
605 2464 663 2508 he
715 2480 805 2509 was
856 2467 964 2523 only

169 2522 398 2578 thirty-six
422 2537 547 2578 years
567 2523 616 2565 of
633 2538 731 2582 age,
746 2524 964 2582 although

170 2581 250 2624 the
289 2583 398 2625 lau-s
440 2581 692 2637 prohibited
730 2598 816 2640 any
858 2598 965 2627 man

171 2640 286 2683 from
323 2639 510 2698 holding
546 2640 635 2685 this
656 2641 782 2685 office
804 2642 872 2685 till
907 2643 965 2686 he

172 2699 262 2742 had
297 2699 499 2742 attained
535 2702 613 2742 the
648 2714 729 2758 age
761 2702 813 2744 of
828 2701 966 2758 sorty-

174 2758 303 2801 three
323 2771 468 2812 years.

234 2816 376 2873 Spolia
414 2818 471 2859 ibi
507 2819 579 2871 ‹5-c.
617 2817 696 2860 the
736 2827 968 2862 construc-

176 2873 297 2926 ti0n;
336 2876 531 2920 Reddidit
553 2876 780 2920 civitatibus
805 2878 967 2932 Siciliae,

177 2931 333 2990 Italae,
373 2941 412 2980 et
451 2935 623 2994 Africae,
659 2936 790 2993 spolia
822 2938 876 2982 ibi
907 2938 969 2981 in-

1021 2299 1160 2345 venta,
1182 2306 1276 2348 quoe
1311 2292 1453 2348 spolia
1489 2292 1706 2350 Carthago
1734 2295 1818 2338 col·

1024 2350 1184 2407 legerat
1208 2352 1256 2393 de
1287 2352 1451 2394 excidiis
1477 2353 1689 2395 variarum
1719 2354 1818 2397 civi-

1023 2414 1167 2461 tatum,
1201 2417 1239 2453 et
1270 2419 1517 2454 ornamenta
1536 2411 1714 2468 urbiam,
1729 2427 1818 2469 quoe

1024 2469 1364 2523 recognoscebant
1385 2483 1482 2512 esse
1503 2485 1592 2513 sua.

1085 2527 1239 2570 Deleta
1310 2535 1381 2580 est,
1440 2527 1665 2585 Carthago
1725 2542 1817 2572 was

1025 2584 1260 2642 destroyed
1285 2593 1365 2631 147
1389 2600 1518 2644 years
1551 2586 1703 2631 before
1738 2588 1816 2631 the

1026 2644 1257 2687 Christian
1281 2660 1369 2690 era.

1086 2703 1518 2761 Psuedoeflzilippas,
1538 2719 1564 2747 a
1585 2717 1691 2748 man
1718 2704 1818 2747 who

1027 2762 1270 2818 pretended
1286 2773 1331 2807 to
1354 2764 1408 2806 be
1430 2762 1681 2807 descended
1703 2762 1818 2807 from

1029 2820 1193 2877 Philip,
1214 2821 1326 2881 king
1346 2822 1399 2865 of
1413 2823 1651 2866 Macedon.

1084 2880 1156 2923 Ad
1194 2883 1525 2937 internecionem,
1567 2881 1676 2926 with
1713 2893 1820 2936 very

1029 2948 1153 2998 great
1177 2939 1422 2999 slaughter.
