1978 3226
637 200 822 244 LIBER.
852 199 1172 243 SEPTIMUS.
1689 198 1746 239 69

9 313 16 323 ’
79 321 335 374 haeredem
362 320 652 390 reliquerat,
682 332 732 371 et
772 337 959 370 nomen
1008 336 1159 370 suum
1199 317 1331 369 ferre
1369 317 1623 387 jusserat3
1662 313 1747 366 hic

4 455 9 459 ,
82 408 179 458 est,
219 397 307 463 qui
346 408 519 464 postea
571 396 841 463 Augustus
891 406 967 443 est
1016 394 1182 443 dictus
1233 404 1284 442 et
1327 407 1496 440 rerum
1537 388 1746 457 potitus.

83 468 261 537 Quare
288 466 503 536 profecti
525 481 700 517 contra
730 466 1039 527 Antonium,
1064 478 1164 515 tres
1186 465 1341 515 duces
1361 463 1593 514 vicerunt
1612 478 1750 512 eum.

81 541 263 592 Evenit
280 555 469 602 tamen,
491 551 547 589 ut
565 541 780 591 victores
803 539 1037 590 consules
1060 537 1210 588 ambo
1231 536 1565 596 morirentur;
1594 550 1751 603 quare

84 628 184 666 tres
210 614 460 665 exercitus
486 613 575 663 uni
603 613 792 664 Caesari
813 624 1107 680 paruerunt.
1717 622 1728 627 ·

78 735 82 737 .
153 687 383 756 Fugatus
431 687 711 748 AntoniuS,
737 686 922 736 amisso
948 684 1193 744 exercitu,
1223 679 1458 750 confugit
1496 679 1559 730 ad
1598 676 1751 744 Lepi-

83 760 230 820 dum,
253 760 342 828 qui
387 759 577 810 Caesari
614 759 853 827 magister
898 759 1131 827 equitum
1177 756 1343 806 fuerat
1370 767 1420 804 et
1445 766 1557 803 tum
1584 751 1755 818 copias

84 833 309 883 militum
337 835 551 901 grandes
576 831 815 893 habebat,
835 851 861 881 a
880 850 984 900 quo
1012 843 1280 898 susceptus
1307 839 1398 878 est.
1476 825 1627 886 Mox,
1653 824 1754 874 Le-

85 907 207 975 pido
238 924 446 974 operam
487 906 657 967 dante,
693 905 865 957 Caesar
891 921 1010 956 cum
1041 904 1272 954 Antonio
1301 917 1480 970 pacem
1507 898 1665 960 fecit3
1704 910 1753 947 et

88 981 230 1048 quasi
257 979 602 1030 vindicaturus
630 979 784 1047 patris
812 978 890 1029 sui
917 991 1155 1037 mortem,
1185 995 1212 1026 a
1238 993 1341 1044 quo
1366 991 1456 1042 per
1482 985 1756 1023 testamen-

86 1066 201 1103 tum
227 1050 392 1102 fuerat
419 1052 706 1120 adoptatus,
729 1051 953 1102 Romam
976 1068 1094 1102 cum
1122 1049 1349 1099 exercitu
1376 1045 1636 1114 profectus
1662 1055 1758 1104 est,

86 1126 418 1192 extorsitque,
437 1136 492 1175 ut
509 1124 603 1176 sibi
619 1125 864 1195 vigesimo
883 1142 1014 1174 anno
1026 1124 1320 1175 consulatus
1337 1121 1557 1170 daretur.
1597 1117 1757 1170 Sena-

89 1213 200 1250 tum
226 1199 520 1267 proscripsit
547 1216 667 1249 cum
708 1197 939 1247 Antonio
971 1210 1021 1247 et
1054 1196 1272 1264 Lepido,
1310 1205 1362 1244 et
1387 1190 1759 1260 rempublicam

90 1271 243 1323 armis
263 1285 434 1322 tenere
456 1271 632 1339 coepit.
707 1270 806 1322 Per
831 1270 925 1321 hos
953 1271 1105 1321 etiam
1143 1269 1326 1321 Cicero
1366 1279 1535 1317 orator
1559 1265 1760 1315 occisus

91 1357 186 1408 est,
214 1345 465 1411 multique
492 1346 578 1395 alii
603 1343 814 1395 nobiles.

161 1419 361 1468 Interea
382 1418 574 1469 Brutus
595 1433 644 1469 et
671 1417 899 1477 Cassius,
926 1413 1277 1467 interfectores
1305 1411 1542 1474 Caesaris,
1580 1410 1761 1478 ingens

90 1491 284 1544 bellum
311 1503 615 1543 moverunt:
668 1503 810 1541 erant
837 1489 974 1541 enim
1008 1506 1100 1557 per
1143 1486 1509 1538 Macedoniam
1552 1496 1602 1534 et
1639 1482 1760 1534 Ori-

91 1577 264 1616 entem
327 1565 477 1615 multi
539 1565 810 1624 exercitu3‚
859 1580 988 1631 quos
1038 1572 1434 1629 occupaverunt.
1533 1555 1763 1608 Profecti

34 1654 37 1655 ’
91 1638 248 1708 igitur
271 1649 447 1688 contra
473 1655 579 1699 e08,
606 1638 780 1690 Caesar
806 1636 1120 1688 Octavianus
1150 1637 1420 1703 Augustus
1451 1643 1503 1682 et
1547 1630 1762 1681 Marcus

92 1711 353 1762 Antonius
381 1715 714 1780 (remanserat
740 1711 879 1761 enim
906 1711 967 1759 ad
986 1707 1361 1759 defendendam
1383 1706 1584 1756 Italiam
1608 1693 1766 1772 Lepi-

92 1785 214 1854 dus)
239 1785 375 1853 apud
401 1783 685 1853 Philippos,
709 1783 1033 1835 Macedoniae
1059 1781 1259 1842 urbem,
1297 1792 1474 1832 contra
1502 1775 1588 1828 eos
1634 1793 1764 1846 pug-

91 1870 356 1909 naverunt.
431 1857 606 1908 Primo
652 1858 828 1925 praelio
867 1855 990 1908 victi
1033 1866 1153 1906 sunt
1198 1853 1460 1904 Antonius
1493 1864 1543 1901 et
1571 1848 1766 1910 Caesar,

93 1931 243 1999 periit
269 1943 460 1993 tamen,
487 1931 591 1982 dux
618 1929 914 1991 nobilitatis,
945 1928 1186 1990 Cassius3
1227 1926 1454 1979 secundo
1480 1923 1672 1974 Brutus
1714 1936 1769 1973 et

93 2004 295 2056 infinita
321 2003 577 2066 nobilitas,
595 2022 710 2072 quae
737 2002 972 2055 cumillis
991 2001 1184 2052 bellum
1202 2010 1424 2070 gesserat
1448 2017 1460 2050 :
1497 2013 1555 2049 ac
1583 1997 1656 2048 sic
1691 1997 1768 2047 in-

93 2091 171 2130 ter
186 2094 275 2128 eos
296 2078 454 2129 divisa
466 2090 541 2128 est
553 2076 926 2146 respublica‚ut
941 2077 1214 2145 Augustus
1231 2072 1527 2140 HispaniaS,
1549 2070 1767 2129 Gallias,

94 2151 295 2202 Italiam
316 2162 528 2213 teneret,
551 2151 810 2202 Antonius
833 2150 1031 2210 Asiam,
1051 2148 1297 2207 Pontum,
1315 2146 1604 2197 Orientem.
1660 2141 1766 2195 Sed

97 2226 228 2276 intra
264 2224 464 2275 Italiam
501 2224 697 2276 Lucius
743 2223 1002 2274 Antonius
1027 2223 1208 2274 consul
1233 2220 1426 2270 bellum
1452 2218 1599 2270 civile
1624 2233 1768 2268 com-

39 2296 49 2306 '
97 2297 276 2359 movit,
315 2296 470 2349 frater
507 2299 638 2369 ejus,
677 2298 767 2366 qui
804 2315 924 2348 cum
964 2295 1168 2347 Caesare
1206 2306 1382 2346 contra
1436 2291 1658 2342 Brutum
1714 2301 1768 2341 et

97 2370 334 2422 Cassium
351 2371 676 2422 dimicaverat
696 2389 709 2422 ι
745 2371 788 2422 is
806 2370 940 2439 apud
957 2368 1242 2429 Perusiam,
1262 2364 1470 2418 Tusciae
1491 2363 1769 2426 civitatem,

98 2445 263 2496 victus
290 2456 339 2494 et
365 2457 543 2512 captus
569 2456 663 2506 est,
690 2461 858 2512 neque
884 2443 1100 2494 occisus·

171 2517 383 2567 Interim
412 2536 439 2567 a
463 2517 620 2568 Sexto
660 2516 929 2584 Pompeio,
958 2516 1103 2567 Cnaei
1139 2511 1376 2581 Pompeii
1418 2508 1604 2579 Magni
1641 2506 1768 2568 filio,

101 2589 280 2660 ingens
317 2589 510 2641 bellum
547 2593 600 2640 in
635 2589 809 2642 Sicilia
835 2602 1153 2641 commotum
1181 2599 1274 2647 est,
1319 2585 1418 2646 his,
1463 2585 1552 2651 qui
1596 2598 1773 2650 super-

101 2662 305 2714 fuerant
331 2681 392 2714 ex
417 2663 646 2732 partibus
671 2663 821 2714 Bruti
837 2663 1125 2730 Cassiique,
1144 2661 1209 2710 ad
1236 2676 1355 2710 eum
1376 2656 1769 2709 confluentibus.

103 2735 358 2788 Bellatum
384 2755 474 2806 per
491 2736 747 2789 Caesarem
765 2738 1067 2808 Augustum
1095 2732 1438 2790 Octavianum
1459 2742 1509 2781 et
1529 2729 1771 2782 Marcum

156 2953 293 3008 Anno,
312 2956 447 2998 <etatis
465 2969 545 2998 511oe
569 2953 857 2999 understood.
1026 2952 1247 3005 Bellatum,
1266 2958 1323 2996 est
1345 2947 1632 2994 understood.
