1934 3248
136 194 191 234 39
633 192 924 239 EUTROPII
968 191 1272 237 HISTORIAE

139 332 241 382 que
283 313 516 364 vincitur.
593 314 837 364 Annibali
885 313 1032 364 multi
1081 331 1133 364 se
1182 314 1234 363 in
1276 312 1421 365 ltalia
1463 315 1780 365 dediderunt.

139 387 266 438 Inde
291 388 353 436 ad
379 385 624 437 Tusciam
664 388 887 448 veniens,
923 386 1147 436 Annibal
1182 387 1429 437 Flaminio
1474 388 1670 437 consuli
1695 406 1780 438 oc·-

138 460 324 511 currit:
362 458 529 526 ipsum
554 460 860 509 Flaminium
899 458 1185 520 interemit3
1227 459 1579 510 Romanorum
1607 460 1784 528 viginti

138 533 366 600 quinque
414 532 571 581 millia
614 550 741 582 caesa
783 544 933 592 sunt3
973 531 1141 580 caeteri
1191 531 1518 600 diffugerunt.
1594 531 1789 582 Missus

138 606 378 654 adversus
407 604 712 654 Annibalem
758 616 931 670 postea
964 621 991 651 a
1033 603 1281 653 Romanis
1324 605 1551 673 Quintus
1600 604 1786 654 Fabius

137 676 417 727 Maximus·
492 677 541 726 Is
565 693 702 737 eum,
730 676 1007 725 differendo
1027 692 1270 743 pugnam,
1291 676 1352 726 ab
1376 677 1569 743 impetu
1597 677 1746 745 fregit
1770 696 1785 736 3

132 766 272 808 mox,
300 746 501 798 inventii
527 749 807 808 occasione,
834 748 967 798 vicit.

208 821 637 890 Quingentesimo
663 833 713 869 et
739 819 1124 887 quadragesimo
1168 837 1301 869 anno
1338 838 1366 869 a
1404 819 1606 870 condita
1645 820 1787 880 urbe,

133 893 327 945 Lucius
354 893 617 952 AEmilius,
643 893 856 942 Publius
899 892 1170 941 Terentius
1195 892 1361 941 Varro
1401 905 1575 942 contra
1622 893 1783 941 Anni-

130 965 297 1016 balem
336 966 625 1026 mittuntur,
665 966 923 1031 Fabioque
963 965 1275 1024 succedunt3
1317 965 1403 1030 qui
1444 964 1629 1014 Fabius
1679 982 1785 1014 am-

133 1038 223 1088 bos
248 1038 482 1088 consules
521 1039 741 1098 monuit,
786 1051 842 1087 ut
883 1036 1209 1096 Annibalem,
1250 1038 1489 1086 callidum
1531 1052 1580 1086 et
1623 1037 1783 1103 impa-

131 1111 343 1161 tientem
369 1112 572 1171 ducem,
599 1129 700 1159 non
729 1111 871 1160 aliter
888 1110 1164 1167 vincerent,
1189 1107 1343 1175 quam
1371 1110 1604 1177 praelium
1631 1109 1779 1158 diffe..

129 1184 305 1234 rendo.
379 1181 580 1233 Verum
621 1181 741 1234 curn
785 1180 1095 1250 impatientia
1119 1181 1365 1231 Varronis
1391 1183 1634 1240 consulis,
1661 1199 1781 1231 con-

131 1256 408 1306 tradicente
470 1257 678 1306 consule
753 1257 928 1315 altero,
990 1256 1125 1321 apud
1187 1255 1377 1314 vicum,
1441 1255 1529 1322 qui
1590 1255 1799 1313 Canna:

131 1329 430 1396 appellatur,
458 1329 508 1377 in
533 1325 722 1394 Apulia
747 1340 1030 1397 pugnatum
1069 1339 1218 1387 essct,
1253 1327 1402 1376 ambo
1441 1328 1673 1377 consules
1723 1327 1786 1376 ab

134 1400 391 1450 Annibale
428 1401 716 1451 vincuntur.
790 1401 850 1449 In
891 1398 948 1449 e‘a
990 1398 1161 1467 pugna
1210 1399 1303 1449 tria
1342 1399 1498 1449 millia
1539 1400 1788 1449 Afrorum

137 1485 389 1540 pereunt,
453 1491 633 1538 magna
677 1490 791 1540 pars
838 1474 899 1523 de
944 1472 1169 1522 exercitu
1217 1472 1484 1521 Annibalis
1523 1475 1790 1523 sauciatur.

131 1545 295 1596 Nullo
329 1557 496 1595 tamen
524 1546 720 1596 Punico
759 1546 891 1595 bello
926 1545 1152 1594 Romani
1178 1543 1379 1612 gravius
1413 1545 1605 1612 accepti
1632 1559 1782 1605 sunt3

130 1619 280 1686 periit
330 1618 464 1667 enim
504 1619 555 1667 in
605 1636 665 1668 eo
717 1617 960 1668 AEmilius
993 1617 1182 1666 Paulus
1234 1618 1450 1677 consu13
1492 1619 1780 1668 consulares

130 1705 181 1741 et
224 1691 445 1758 praetorii
486 1691 683 1759 viginti,
745 1704 997 1741 senatores
1046 1691 1178 1756 capti
1223 1702 1310 1739 aut
1358 1690 1512 1740 occisi
1562 1691 1782 1758 triginta,

127 1764 398 1814 nobiliores
449 1763 541 1812 viri
612 1764 856 1823 trecenti;
915 1761 1135 1812 militum
1194 1763 1524 1830 quadraginta
1592 1763 1781 1823 millia;

127 1837 362 1903 equitum
401 1837 494 1885 tria
531 1836 685 1885 millia
720 1848 771 1886 et
819 1835 1116 1917 quingenti.
1156 1834 1207 1883 in
1234 1835 1417 1902 quibus
1446 1835 1588 1884 malis
1628 1852 1781 1885 nemo

126 1920 296 1958 tamen
349 1908 703 1958 Romanorum
763 1909 900 1976 pacis
952 1908 1264 1957 mentionem
1315 1907 1497 1956 habere
1544 1908 1780 1976 dignatus

127 1994 217 2031 est.
294 1979 455 2040 Servi,
507 1983 645 2049 quod
683 1998 947 2048 nunquam
998 1978 1134 2040 ante,
1162 1997 1458 2030 manumissi
1508 1992 1557 2028 et
1599 1981 1782 2030 milites

126 2053 249 2103 facti
277 2067 410 2106 sunt.

197 2126 319 2176 Post
367 2126 496 2175 hanc
537 2143 780 2193 pugnam,
827 2125 1000 2174 multae
1029 2124 1187 2174 Italiae
1214 2123 1457 2184 civitates,
1507 2141 1619 2190 quae
1669 2124 1780 2173 Ro-

127 2199 288 2248 manis
315 2210 604 2265 paruerant,
630 2216 681 2247 se
719 2199 779 2247 ad
822 2197 1127 2246 Annibalem
1156 2197 1535 2247 transtulerunt.
1614 2197 1777 2245 Anni-

126 2271 207 2320 bal
261 2270 512 2320 Romanis
562 2271 763 2329 obtulit,
816 2284 873 2320 ut
922 2270 1147 2336 captivos
1196 2270 1518 2328 redimerent,
1573 2286 1806 2336 respon-⁷

127 2360 344 2410 sumque
372 2356 446 2394 est
473 2362 499 2392 a
527 2356 722 2404 senatu,
759 2360 843 2393 eos
885 2343 1018 2392 cives
1045 2359 1149 2391 non
1172 2359 1280 2391 esse
1301 2341 1628 2401 necessarios,
1673 2343 1781 2408 qui,

127 2414 247 2466 cum
275 2416 452 2467 armati
493 2430 681 2476 essent,
713 2416 824 2482 capi
865 2416 1162 2481 potuissent.
1240 2414 1330 2463 Ille
1381 2431 1557 2463 omnes
1608 2427 1780 2480 postea

187 2531 383 2578 Quintius
443 2531 593 2574 Fabius
635 2530 860 2581 Ilhaeimus,
899 2543 925 2570 a
1047 2527 1226 2570 Gravius
1248 2529 1410 2583 accepti
1439 2536 1549 2581 sunt,
1593 2528 1780 2570 suffered

128 2589 378 2631 celebrated
401 2590 578 2631 Roman
598 2588 649 2631 of
667 2590 742 2629 the
767 2586 924 2642 family
987 2597 1106 2630 most
1130 2587 1342 2641 severely.

131 2647 180 2691 of
210 2648 284 2689 the
320 2647 469 2699 Fabiu
504 2648 559 2689 lle
595 2648 630 2689 is
667 2647 926 2688 sometimes
1049 2644 1291 2688 Consulares
1311 2654 1347 2685 (ι’
1368 2644 1572 2700 praetorii,
1595 2659 1780 2699 persons

130 2705 272 2759 styled
290 2706 536 2748 Cunctator
552 2720 600 2747 or
623 2705 699 2746 the
718 2703 926 2758 Delayer,
989 2705 1089 2745 who
1133 2704 1219 2745 'uad
1262 2702 1415 2745 served
1458 2703 1533 2745 the
1573 2703 1698 2745 office
1739 2706 1789 2746 ω’

131 2765 320 2806 because
353 2764 408 2805 he
443 2777 677 2806 overcame
700 2761 928 2805 Hannibal
989 2762 1144 2804 consul
1167 2777 1214 2803 or
1236 2772 1409 2815 praetor.

130 2823 188 2877 by
237 2822 471 2879 harassing
532 2821 601 2863 liis
656 2835 783 2874 army
843 2820 931 2862 and
1049 2821 1349 2876 Αηει),]ὶιεειιηι
1382 2825 1470 2860 erat
1496 2818 1781 2862 understood.

129 2879 309 2938 leading
334 2881 365 2922 it
401 2881 514 2922 from
550 2879 672 2935 place
703 2889 748 2921 to
788 2879 928 2935 place,
1049 2878 1210 2932 Omnes,
1233 2879 1413 2933 captivos
1435 2878 1720 2920 understood.

129 2938 279 2981 rather
315 2938 424 2980 than
463 2938 520 2994 by
560 2936 783 2994 engaging
822 2936 927 2980 with

133 2998 243 3040 him.
