1934 3248
180 166 258 241 ξδ’
691 173 981 216 EUTROPII
1016 174 1316 218 HISTORIA:

178 308 325 360 posse
351 290 571 373 retineri,
598 290 807 343 fratrem
836 311 1006 355 suum,
1036 296 1377 347 Asdrubalem
1405 298 1466 346 ad
1491 297 1689 347 Italiam
1716 315 1835 349 cum

180 364 416 414 omnibus
443 364 600 430 copiis
627 367 871 416 evocavit.
952 368 1020 427 Is,
1050 370 1258 419 veniens
1294 370 1473 419 eodem
1520 370 1714 432 itinere,
1742 388 1843 437 quo

125 481 130 487 .
181 437 334 486 etiam
362 436 585 485 Annibal
603 451 822 499 venerat,
842 457 868 488 a
888 440 1179 490 consulibus
1204 443 1375 508 Appio
1397 442 1612 492 Claudio
1634 442 1840 493 Nerone

181 520 232 558 et
259 508 440 558 Marco
479 509 625 558 Livio
666 510 944 560 Salinatore
971 514 1103 579 apud
1131 513 1336 573 Senam,
1365 514 1539 565 Piceni
1566 515 1857 582 civitatem„

171 581 236 663 ‘in
261 574 466 632 insidias
489 583 793 648 compositas
821 584 1028 633 incidit·
1017 605 1031 644 3
1074 585 1276 635 strenue
1305 598 1471 636 tamen
1498 605 1729 655 pugnans
1755 604 1840 638 oc·
1876 599 1879 603 “

181 654 316 705 cisus
343 664 452 714 est;
493 654 721 722 ingentes
748 656 856 737 ejus
883 657 1041 723 copiae
1068 670 1226 725 captae
1264 671 1348 707 aut
1377 659 1654 710 interfectae
1683 671 1840 720 sunt;

182 743 427 795 magnum
454 727 654 792 pondus
679 730 786 777 auri
812 740 962 795 atque
982 731 1177 797 argenti
1197 730 1420 780 Romam
1447 713 1679 790 relatum
1718 732 1843 782 Post

179 798 290 849 haec
311 798 534 848 Annibal
562 799 820 849 diffidere
804 819 908 881 jam
936 802 996 851 de
1026 801 1144 851 belli
1171 803 1327 869 coepit
1355 816 1558 864 eventu,
1577 817 1625 854 et
1647 804 1840 854 Roma-

181 872 260 922 nis
281 871 460 939 ingens
487 871 685 921 animus
713 874 936 922 accessit.
1014 873 1192 940 Itaque
1214 888 1263 924 et
1296 875 1391 942 ipsi
1419 888 1753 926 evocaverunt
1779 894 1840 926 ex

182 941 432 1011 Hispania
470 942 723 993 Publium
775 944 1073 996 Cornelium
1121 946 1435 1015 Scipionem.
1530 948 1579 999 Is
1617 949 1842 999 Romam

183 1033 302 1068 cum
329 1016 522 1084 ingenti
549 1017 708 1085 gloria
728 1018 879 1067 venit.
1478 1041 1480 1043 ¹

258 1088 458 1157 Quinto
486 1088 713 1150 Caecilio,
741 1091 902 1140 Lucio
929 1090 1138 1140 Valerio
1180 1091 1492 1154 consulibus,
1519 1080 1694 1142 omnes
1722 1091 1841 1143 civi-

183 1173 329 1222 tates,
360 1178 474 1228 quae
515 1161 567 1210 in
593 1161 782 1214 Brutiis
823 1164 883 1214 ab
926 1163 1179 1213 Annibale
1224 1164 1543 1225 tenebantur,
1581 1165 1844 1218 Romanis

187 1251 240 1285 se
267 1233 597 1283 tradiderunt.
1757 1260 1759 1262 ·

259 1308 416 1357 Anno
443 1307 642 1357 decimo
661 1319 840 1373 quarto
867 1321 1136 1374 postquam
1165 1308 1215 1357 in
1236 1308 1431 1358 Italiam
1456 1308 1679 1358 Annibal
1695 1325 1844 1358 vene-

184 1391 279 1439 rat,
299 1378 492 1447 Scipio,
521 1379 608 1447 qui
635 1381 794 1428 multa
818 1380 946 1429 bene
985 1382 1036 1429 in
1062 1379 1311 1447 Hispania
1346 1394 1533 1449 egerat,
1564 1382 1742 1431 consul
1769 1393 1844 1431 est

181 1451 369 1514 factus,
398 1464 447 1501 et
476 1453 527 1505 in
555 1447 785 1502 Africam
814 1454 1035 1513 missus;
1078 1454 1160 1503 cui
1186 1455 1292 1503 viro
1332 1454 1561 1503 divinum
1601 1454 1842 1520 quiddam

182 1525 345 1575 inesse
372 1524 772 1585 existimabatur,
798 1524 925 1575 adeo
954 1540 1008 1574 ut
1037 1539 1298 1591 putaretur
1334 1528 1485 1576 etiam
1527 1543 1647 1576 cum
1673 1527 1844 1575 numi-

181 1597 331 1648 nibus
352 1597 535 1648 habere
564 1615 865 1648 sermonem.
942 1597 989 1647 Is
1017 1598 1067 1647 in
1110 1598 1287 1649 Africa
1328 1614 1501 1649 contra
1548 1600 1843 1660 Annonem,

183 1671 368 1721 ducem
393 1670 662 1730 Afrorum,
689 1682 918 1739 pugnat3
959 1671 1237 1720 exercitum
1273 1672 1381 1740 ejus
1422 1668 1676 1722 intefficit.
1751 1670 1844 1722 Se-

184 1744 354 1798 cundo
381 1744 555 1810 praelio
582 1755 741 1792 castra
780 1744 913 1810 cepit
941 1761 1058 1793 curn
1087 1758 1303 1808 quatuor
1343 1743 1565 1794 millibus
1602 1756 1650 1793 et
1695 1744 1842 1809 quin-

186 1816 352 1884 gentis
409 1816 674 1877 militibus,
712 1816 948 1866 undecim
996 1815 1217 1865 millibus
1268 1817 1464 1868 occisis.
1539 1815 1845 1885 Syphacem,
1881 1813 1883 1815 ¹

185 1888 448 1939 Numidiae
475 1906 668 1958 regem,
696 1888 784 1955 qui
805 1906 857 1939 se
886 1887 1027 1938 Afris
1053 1889 1402 1956 conjunxerat,
1431 1890 1582 1955 capit,
1610 1901 1660 1938 et
1685 1903 1846 1939 castra

186 1961 298 2031 eJus
323 1961 529 2011 invadit.
605 1960 831 2030 Syphax,
871 1978 989 2010 cum
1030 1961 1352 2012 nobilissimis
1379 1961 1622 2011 Numidis
1654 1960 1843 2028 ethinfi-

185 2034 305 2084 nitis
325 2034 519 2102 spoliis,
546 2052 572 2083 a
600 2033 837 2100 Scipione
876 2034 1100 2083 Romam
1130 2034 1379 2095 mittitur3
1422 2032 1522 2100 qua
1558 2052 1610 2083 re
1655 2031 1844 2096 audita,

187 2107 352 2158 omnis
379 2105 485 2156 fere
507 2106 650 2155 Italia
678 2106 985 2156 Annibalem
1007 2107 1227 2167 deserit3
1269 2108 1374 2172 ipse
1404 2126 1430 2156 a
1457 2106 1841 2176 Carthaginien-

189 2178 326 2230 sibus
353 2179 405 2228 in
432 2178 664 2229 Africam
689 2180 848 2229 redire
872 2179 1099 2249 jubetur,
1121 2197 1272 2246 quam
1290 2180 1461 2245 Scipio
1489 2180 1728 2229 vastabat.
1769 2179 1845 2228 Ita

135 2314 140 2319 ἢ
186 2268 322 2302 anno
348 2252 562 2320 septimo
584 2252 782 2302 decimo
812 2251 869 2301 ab
894 2246 1314 2302 Annibale‘Italia
1341 2252 1545 2301 liberata
1571 2264 1664 2312 est,
1692 2246 1845 2318 quam

188 2323 314 2374 flens
342 2324 525 2374 dicitur
549 2315 829 2391 reliquisse.
903 2325 1082 2393 Legati
1131 2324 1626 2392 Carthaginiensium
1669 2341 1846 2406 pacem

188 2415 217 2447 a
242 2397 479 2466 Scipione
507 2396 795 2465 petierunt·
785 2433 799 2457 ,
839 2395 900 2446 ab
953 2416 1012 2447 eo
1059 2398 1119 2446 ad
1172 2411 1402 2446 senatum
1445 2397 1669 2446 Romam
1708 2397 1846 2446 missi

186 2481 337 2520 sunt:
365 2470 695 2552 quadraginta
712 2470 936 2536 quinque
955 2471 1060 2519 dies
1080 2469 1155 2518 his
1177 2470 1394 2519 induciae
1413 2469 1540 2519 datae
1561 2481 1696 2529 sunt,
1715 2487 1844 2536 quo-

189 2558 351 2610 usque
372 2542 625 2594 Romam
615 2561 684 2593 ire
705 2556 753 2592 et
779 2543 976 2612 regredi
997 2555 1238 2610 possent,
1276 2543 1480 2612 triginta
1507 2542 1660 2592 millia
1676 2543 1845 2609 pondo

246 2719 403 2769 Senam,
425 2718 555 2770 Sena,
593 2732 620 2760 a
655 2726 774 2760 town
800 2716 852 2761 of
874 2719 986 2761 Um·
1046 2717 1221 2760 Urbino
1245 2717 1291 2760 in
1315 2716 1448 2773 Ital).
1423 2732 1432 2742 ’

187 2775 298 2827 bria,
340 2776 453 2819 built
487 2776 544 2831 by
581 2778 656 2819 the
699 2777 915 2828 Senones,
960 2790 985 2818 a
1106 2777 1372 2832 Compositas,
1386 2732 1477 2818 laid
1502 2773 1566 2817 for
1590 2775 1697 2817 him.

185 2834 343 2891 people
393 2835 445 2877 of
479 2835 612 2886 Gaul,
672 2834 762 2877 and
824 2836 986 2877 thence
1107 2836 1342 2891 Syphacem,
1363 2834 1558 2889 ὃηὼεικ,
1581 2834 1657 2876 the
1695 2847 1773 2876 son
1789 2833 1844 2884 jn

185 2892 449 2936 sometimes
497 2892 636 2936 called
676 2893 863 2936 Gallica.
943 2894 987 2936 It
1045 2891 1131 2934 law
1159 2891 1208 2935 of
1244 2891 1485 2935 Asdrubal.
1556 2893 1627 2936 He
1661 2890 1760 2936 died
1795 2892 1842 2939 in

185 2951 225 2994 is
247 2965 347 2995 now
368 2966 394 2995 a
415 2951 505 3009 city
546 2951 594 2996 in
637 2953 713 2995 the
754 2951 902 3009 duchy
937 2951 991 2996 of
1047 2953 1200 3009 prison
1220 2959 1266 2995 at
1287 2953 1448 2995 Rome⁹
