1978 3226
739 157 925 201 Lmen
952 155 1229 200 Tannus
1702 156 1780 220 ,³⁷

87 298 95 305 ·
135 277 331 348 argenti
350 277 413 329 ab
438 278 516 330 his
539 290 743 347 accepta
770 288 904 329 sunt.
978 277 1196 336 Senatus
1223 272 1513 324 ear-arbitrio
1534 271 1801 340 Scipionis,

136 367 315 418 pacem
340 352 489 421 jussit
511 369 630 403 cum
658 348 1158 419 Carthaginiensibus
1176 348 1302 398 fieri.
1378 345 1549 414 Scipio
1569 345 1647 396 his
1667 361 1787 395 con-

138 423 414 476 ditionibus
440 425 597 484 dedit,
624 442 687 474 ne
713 422 931 492 amplius
958 421 1112 490 quam
1141 421 1346 490 triginta
1362 436 1513 469 naves
1529 418 1791 478 haberent,

140 497 418 565 quingenta
451 498 608 548 millia
634 497 804 566 pondo
830 496 1024 567 argenti
1061 495 1257 555 darent,
1294 492 1518 562 captivos
1547 505 1596 541 et
1620 490 1790 560 perfu-

139 586 228 637 gas
251 570 535 621 redderent.

215 641 425 693 Interim
455 641 708 693 Annibale
724 642 955 693 veniente
982 639 1043 689 ad
1073 637 1324 699 Africam,
1352 654 1448 706 pax
1475 634 1676 686 turbata
1702 648 1794 686 est.

142 712 315 766 Multa
339 716 541 783 hostilia
568 715 628 766 ab
665 714 806 766 Afris
849 713 982 765 facta
1009 725 1164 773 sunt;
1204 713 1354 780 legati
1393 724 1563 760 tamen
1602 726 1798 769 eorum,

144 804 206 837 ex
247 788 371 839 urbe
401 789 678 848 venienteS,
703 806 731 838 a
755 786 1004 838 Romanis
1039 786 1172 852 capti
1199 797 1316 835 sunt
1343 797 1410 845 et,
1451 783 1662 853 jubente
1691 780 1802 833 Sci-

144 859 314 929 pione,
334 862 544 913 dimissi.
624 860 846 911 Annibal
866 877 1091 928 quoque,
1113 857 1468 925 frequentibus
1489 856 1672 923 praeliis
1698 855 1804 905 vic·
1876 897 1878 899 .

146 934 547 1003 tusaScipione,
565 934 709 1002 petiit
735 934 887 997 etiam
904 932 1011 1000 ipse
1028 948 1223 999 pacem.
1280 929 1416 981 Cum
1443 941 1651 979 ventum
1675 941 1806 978 esset

148 1007 209 1057 ad
236 1008 569 1075 colloquium,
590 1008 768 1058 iisdem
791 1004 1167 1062 conditionibus
1186 1005 1299 1053 data
1317 1016 1409 1064 est,
1438 1002 1623 1069 quibus
1645 1000 1806 1068 prius,

149 1080 319 1131 addita
345 1081 635 1150 quingentis
662 1079 886 1130 millibus
915 1079 1084 1144 pondo
1110 1077 1304 1143 argenti
1332 1089 1538 1128 centum
1567 1074 1723 1124 millia
1748 1075 1806 1123 li-

150 1151 355 1203 brarum
382 1160 588 1222 propter
608 1150 1091 1220 novamperfidiam.
1168 1146 1669 1218 Carthaginiensibus
1690 1163 1811 1197 con-

152 1226 369 1277 ditiones
397 1227 781 1295 displicuerunt,
804 1227 1166 1294 jusseruntque
1194 1222 1504 1272 Annibalem
1532 1237 1775 1289 pugnare.

223 1299 449 1351 Infertur
466 1319 492 1350 a
519 1298 757 1368 Scipione
785 1312 835 1349 et
862 1295 1154 1356 Masinissa,
1181 1298 1278 1346 alio
1303 1313 1421 1364 rege
1442 1290 1812 1353 Numidarum,

155 1372 244 1439 qui
282 1373 555 1425 amicitiam
585 1390 705 1424 cum
744 1370 981 1440 Scipione
1021 1369 1227 1431 fecerat,
1269 1367 1564 1437 Carthagini
1603 1368 1812 1417 bellum.

158 1445 382 1497 Annibal
409 1460 508 1497 tres
536 1446 876 1512 exploratores
913 1443 977 1494 ad
1014 1442 1267 1510 Scipionis
1306 1454 1467 1492 castra
1505 1440 1661 1500 misit,
1688 1456 1816 1507 quos

159 1530 332 1586 captos
370 1518 543 1587 Scipio
577 1517 891 1570 circumduci
917 1534 1008 1584 per
1034 1528 1193 1567 castra
1222 1515 1392 1585 jussit,
1419 1514 1720 1581 ostendique
1745 1513 1816 1562 eis

155 1604 324 1642 totum
362 1593 663 1651 exercitum,
697 1609 815 1641 mox
847 1591 998 1640 etiam
1025 1589 1294 1658 prandium
1340 1588 1467 1647 dari,
1509 1586 1819 1654 dimittique,

159 1675 216 1722 ut
253 1665 608 1723 renunciarent
647 1663 909 1724 Annibali,
939 1680 1053 1731 quae
1088 1663 1223 1730 apud
1266 1661 1532 1713 Romanos
1556 1660 1817 1711 vidissent.

160 1737 360 1790 Interea
398 1738 628 1807 praelium
668 1737 729 1788 ab
769 1750 984 1804 utroque
1024 1736 1153 1786 duce
1192 1735 1500 1786 instructum
1539 1746 1634 1793 est,
1672 1733 1821 1800 quale

159 1811 243 1861 vix
281 1810 385 1862 ulla
423 1808 667 1862 memoria
704 1809 822 1872 fuit,
860 1826 1021 1877 quum
1060 1808 1351 1876 peritissimi
1380 1807 1475 1858 viri
1510 1806 1680 1875 copias
1708 1821 1822 1856 suas

133 1883 225 1934 ‚ad
265 1883 457 1935 bellum
497 1885 786 1936 educerent.
863 1882 1245 1950 Scipio.victor
1286 1881 1494 1940 recedit,
1543 1877 1674 1949 pene
1714 1880 1824 1947 ipso

167 1957 422 2008 Annibale
483 1970 653 2026 capt0,
716 1955 805 2025 qui
867 1953 1090 2025 primum
1156 1970 1274 2006 curn
1329 1953 1503 2004 multis
1547 1952 1824 2020 equitibuS,

167 2019 350 2081 dei’nde
381 2047 500 2081 cum
538 2030 736 2100 viginti,
775 2024 1036 2098 postremo
1078 2044 1196 2078 cum
1236 2040 1455 2095 quatuor
1492 2027 1664 2076 evasit.
1740 2024 1827 2075 In-

167 2116 316 2154 venta
352 2103 404 2152 in
454 2105 631 2155 castris
670 2094 939 2154 Annibalis
979 2100 1174 2169 argenti
1214 2101 1384 2168 pondo
1425 2098 1604 2169 viginti
1648 2098 1826 2159 millia,

167 2177 277 2226 auri
338 2176 648 2247 octingenta,
712 2189 891 2228 caetera
947 2174 1251 2249 supellectili
1299 2173 1519 2242 copiosa.
1594 2170 1720 2223 Post
1777 2171 1829 2221 id

232 2312 302 2356 Es
322 2312 497 2355 arbitrio
516 2311 733 2368 Scipionis,
764 2325 824 2362 cn
857 2309 968 2353 such
1090 2308 1327 2357 Μαεῐηίεςᾶ,
1362 2293 1624 2360 Masinissa,
1659 2320 1686 2350 a
1719 2306 1835 2366 king

172 2380 398 2423 termssas
416 2370 564 2427 Scipio
586 2372 744 2413 should
762 2383 970 2426 approve.
1031 2366 1081 2411 of
1112 2382 1138 2410 a
1191 2366 1324 2410 small
1358 2376 1546 2422 country
1588 2366 1638 2408 of
1663 2366 1832 2420 Africa,

232 2431 386 2483 Dedit,
402 2444 545 2486 pacem
565 2428 851 2486 understood.
1030 2425 1281 2470 celebrated
1308 2426 1374 2469 for
1405 2426 1482 2468 the
1515 2423 1769 2468 steadiness
1788 2424 1841 2468 of

233 2489 352 2532 Data
371 2496 446 2542 est,
468 2502 602 2544 peace
625 2502 712 2530 was
733 2482 913 2530 offered.
1033 2485 1104 2529 his
1125 2485 1408 2528 attachment
1443 2493 1488 2527 to
1521 2484 1597 2526 the
1628 2485 1831 2527 Romans

233 2548 381 2604 Prius,
400 2550 499 2591 dara
519 2554 610 2591 erat
631 2543 917 2591 understood.
1034 2543 1149 2587 after
1182 2543 1238 2586 be
1263 2543 1447 2586 became
1472 2542 1589 2585 their
1616 2542 1723 2599 ally,
1744 2543 1834 2585 and

234 2607 394 2651 Addita
413 2610 483 2659 ξε.
506 2608 642 2665 being
662 2604 805 2649 added
828 2615 872 2648 to
899 2605 977 2649 the
1037 2602 1104 2646 for
1127 2603 1195 2669 lys
1212 2613 1336 2660 great
1359 2600 1571 2645 fortitude.
1599 2601 1686 2643 and
1722 2610 1856 2645 tem-·

175 2669 263 2713 five
299 2665 506 2711 hundred
542 2663 768 2709 thousand
799 2664 976 2725 pounds
1035 2675 1240 2719 perance.
1301 2661 1400 2703 The
1421 2659 1639 2718 kingdom
1675 2658 1723 2702 of
1755 2661 1837 2717 SJ-

155 2736 164 2741 ·
181 2727 351 2779 weight
371 2725 424 2768 of
439 2724 575 2769 silvei·
596 2723 749 2767 before
769 2721 890 2780 paid.
1038 2721 1155 2777 phax
1179 2733 1267 2762 was
1290 2719 1423 2777 given
1446 2729 1491 2762 to
1528 2719 1624 2762 him
1651 2733 1700 2761 as
1723 2733 1748 2761 a
1771 2732 1839 2762 re·

235 2784 453 2841 Irfiertm·⁹
490 2787 563 2837 ᾴσ.
623 2782 700 2826 the
750 2788 980 2825 construc-
1037 2778 1157 2821 ward
1195 2778 1261 2820 for
1292 2780 1369 2821 the
1401 2786 1525 2834 great
1554 2777 1746 2821 services
1781 2777 1840 2820 he

171 2845 304 2905 ⁴t.ion;
337 2843 500 2887 Beuum
518 2842 703 2900 insertur
724 2839 982 2898 Carthagini
1041 2837 1128 2881 had
1166 2834 1382 2880 rendered
1416 2845 1462 2879 to
1496 2836 1575 2880 the
1606 2849 1840 2879 common-

179 2921 206 2948 ο
244 2904 431 2959 Scipione
465 2910 507 2945 ee
546 2898 783 2953 Masinissa
800 2899 885 2942 alio
915 2913 982 2941 re·
1043 2895 1203 2939 wealth
1246 2895 1295 2939 in
1327 2894 1443 2940 their
1483 2893 1571 2940 last
1604 2908 1693 2938 war
1730 2894 1839 2938 with

178 2977 235 3020 ge
270 2962 643 3016 Numidarmn,qui
664 2960 843 3017 ficerat
879 2958 981 3001 ‹rmi-
1037 2954 1281 3012 Carthage.

180 3023 322 3066 citiam
342 3034 429 3062 cum
451 3020 656 3078 Scipione.
1005 3024 1009 3025 ’

299 3079 480 3135 Eutrop.
1679 3070 1724 3113 D
