1978 3226
650 150 836 202 Ltssfflt
867 150 1161 206 QUINTUS.
1691 156 1751 196 :8

88 274 251 328 mines
300 270 724 330 interficerentur.
799 274 915 328 Hac
958 274 1130 345 pugna
1177 273 1502 325 Mithridates
1546 272 1751 343 cognita

93 351 410 420 septuaginta
432 350 587 400 millia
613 349 885 401 lectissima
911 368 971 399 ex
998 347 1124 399 Asia
1152 346 1406 398 Archelao
1445 347 1601 407 misit,
1627 364 1752 396 con-

93 436 169 474 tra
207 442 360 491 quem
387 423 526 493 Sylla
554 423 738 473 iterum
774 422 1047 473 commisit.
1124 420 1299 471 Primo
1345 419 1519 488 praelio
1570 420 1751 487 viginti
1795 437 1801 449 ·

90 496 249 546 millia
270 495 494 547 hostium
512 496 776 546 interfecta
793 510 929 555 sunt,
949 494 1187 562 filiusque
1207 492 1446 544 Archelai
1462 492 1752 559 Diogenes:

93 569 318 620 secundo
345 586 522 619 omnes
550 569 862 618 Mithridatis
893 569 1052 635 copiae
1097 567 1333 618 extinctae
1360 580 1512 627 sunt3
1554 565 1755 615 Arche-

88 641 199 692 laus
221 641 327 710 ipse
353 643 522 692 triduo
545 643 713 692 nudus
735 642 785 691 in
804 641 1074 709 paludibus
1102 640 1265 690 latuit.
1317 638 1433 691 Hac
1453 656 1507 689 re
1528 638 1750 709 cognita,

89 711 418 766 Mithridates
443 733 562 766 cum
587 712 728 784 Sylla
753 715 815 764 de
841 732 964 780 pace
991 732 1137 783 agere
1163 712 1341 780 coepit.

162 786 373 839 Interim
399 807 460 839 eo
487 800 716 855 tempore
749 786 888 857 Sylla
928 788 1081 837 etiam
1121 786 1414 845 Dardan03‚
1437 783 1753 845 Scordiscos,

91 858 376 924 Dalmatas,
401 873 451 912 et
476 861 677 912 Moesos
704 861 887 929 partim
914 861 1051 921 vicit,
1077 860 1203 910 alios
1243 860 1296 909 in
1344 858 1500 908 fidem
1540 857 1752 924 accepit.

88 931 193 984 Sed
221 932 340 985 cum
368 935 519 1004 legati
540 954 566 983 a
591 953 708 1003 rege
737 933 1056 992 Mithridate,
1083 933 1365 1000 quipacem
1388 929 1644 999 petebant,
1671 947 1756 979 ve-

91 1006 303 1070 nissent‚
323 1025 427 1057 non
466 1008 610 1058 aliter
635 1025 686 1058 se
721 1006 960 1056 daturum
999 1006 1140 1075 Sylla
1185 1023 1293 1056 esse
1338 1004 1617 1072 respondit,
1659 1003 1755 1054 nisi

92 1095 201 1142 rex,
217 1081 403 1131 relictis
419 1079 497 1131 his
515 1099 630 1148 quae
647 1092 1000 1147 occupaverat,
1022 1080 1085 1128 ad
1102 1097 1318 1148 regnum
1341 1096 1489 1128 suum
1509 1077 1753 1126 rediisset.

92 1150 277 1204 Postea
303 1166 473 1204 tamen
518 1155 579 1203 ad
624 1153 941 1219 colloquium
982 1153 1133 1201 ambo
1173 1164 1459 1211 venerunt3
1500 1169 1596 1217 pax
1625 1150 1757 1199 inter

92 1242 180 1277 eos
213 1227 442 1277 ordinata
478 1239 573 1287 est,
619 1240 676 1276 ut
715 1227 873 1295 Sylla,
918 1228 981 1277 ad
1015 1226 1208 1276 bellum
1237 1225 1383 1275 civile
1426 1224 1690 1282 festinans,
1730 1241 1758 1272 a

91 1312 236 1370 tergo
256 1301 542 1368 periculum
569 1317 672 1350 non
698 1300 941 1360 haberet3
983 1317 1100 1348 nam
1123 1300 1250 1348 dum
1283 1297 1422 1368 Sylla
1467 1297 1519 1346 in
1560 1295 1759 1347 Achaia

93 1383 248 1440 atque
275 1372 402 1424 Asia
429 1372 782 1424 Mithridatem
815 1372 954 1433 vicit,
991 1372 1210 1434 Marius,
1251 1373 1340 1439 qui
1380 1370 1587 1440 fugatus
1633 1383 1759 1428 erat,

94 1457 144 1496 et
169 1444 439 1498 Cornelius
461 1445 646 1507 Cinna,
674 1463 805 1496 unus
840 1464 901 1496 ex
928 1446 1242 1507 consulibus,
1283 1445 1476 1495 bellum
1520 1443 1572 1493 in
1615 1441 1760 1494 Italia

92 1517 428 1588 repararunt3
469 1532 520 1570 et
556 1520 769 1588 ingressi
814 1519 990 1569 urbem
1038 1518 1285 1579 Romam,
1330 1517 1669 1567 nobilissimos
1696 1533 1758 1566 ex

95 1607 275 1644 senatu
301 1606 352 1643 et
377 1594 668 1643 consulares
703 1594 836 1643 viros
876 1590 1261 1651 interfecerunt,
1288 1591 1478 1641 multos
1506 1590 1761 1658 proscrip-

94 1678 302 1727 serunt;
341 1666 501 1734 ipsius
527 1665 680 1736 Syllae
707 1668 862 1716 domo
884 1663 1074 1725 eversa,
1109 1664 1241 1715 filios
1267 1676 1317 1715 et
1343 1681 1556 1714 uxorem
1586 1664 1647 1713 ad
1674 1661 1761 1713 fu.

90 1756 209 1808 gam
262 1741 654 1806 compulerunt3
718 1739 983 1789 universus
1021 1738 1247 1806 reliquus
1296 1751 1499 1788 senatus
1526 1755 1588 1787 ex
1633 1737 1758 1786 urbe

88 1812 313 1881 fugiens,
339 1813 402 1862 ad
437 1812 632 1882 Syllam
672 1811 723 1861 in
767 1812 1024 1863 Graeciam
1073 1812 1231 1871 venit,
1274 1828 1423 1861 orans
1475 1821 1533 1860 ut
1582 1810 1758 1877 patriae

94 1885 401 1936 subveniret.
475 1886 568 1936 Ille
593 1886 645 1935 in
671 1886 870 1936 Italiam
898 1884 1110 1955 trajecit,
1136 1885 1329 1936 bellum
1352 1883 1498 1935 civile
1523 1896 1760 1953 gesturus

92 1959 331 2010 adversus
356 1958 662 2010 Norbanum
691 1972 740 2008 et
764 1957 1059 2026 Scipionem
1085 1959 1340 2020 consules,
1361 1969 1410 2008 et
1437 1956 1601 2025 primo
1629 1974 1757 2025 prae-

88 2030 158 2082 lio
184 2044 359 2083 contra
385 2030 690 2083 Norbanum
717 2031 974 2083 dimicavit
1001 2049 1104 2081 non
1141 2029 1295 2100 longe
1328 2051 1354 2080 a
1390 2026 1607 2098 Capu'a3
1646 2041 1758 2079 tum

89 2118 288 2174 septem
314 2105 471 2156 millia
490 2106 601 2176 ejus
628 2105 831 2165 cecidit,
858 2123 944 2156 sex
973 2104 1130 2155 millia
1151 2105 1284 2174 cepit
1306 2123 1321 2165 3
1349 2117 1558 2155 centum
1578 2103 1760 2173 viginti

155 2239 586 2300 Commisit,praelium
603 2241 892 2284 understood.
955 2241 1038 2286 Sed
1058 2247 1149 2284 ct'aem
1172 2241 1317 2297 legati,
1351 2241 1420 2297 qm·
1454 2240 1651 2296 petebant
1681 2253 1762 2294 pa-

153 2300 354 2354 Secundo,
370 2301 516 2356 praelio
533 2299 823 2344 understood.
954 2315 1051 2353 cem,
1072 2302 1273 2343 venissent
1310 2316 1335 2341 a
1363 2315 1461 2357 rege
1499 2300 1761 2342 Mithridate

153 2358 399 2412 Dardanos,
439 2359 514 2403 the
554 2358 776 2415 Dardani,
819 2360 895 2402 the
956 2359 1012 2402 ad
1045 2360 1233 2415 Syllam,
1273 2359 1388 2415 Sylla
1444 2361 1669 2412 respondit,
1717 2373 1759 2400 se

97 2417 384 2461 inhabitants
402 2418 455 2461 of
471 2419 718 2472 Dardania,
754 2433 779 2461 a
804 2419 896 2475 city
956 2435 1037 2461 non
1072 2419 1199 2461 aliter
1231 2420 1432 2460 daturum
1468 2431 1552 2460 esse
1588 2431 1758 2470 pacem,

95 2475 149 2520 of
161 2478 302 2520 Troas
323 2477 370 2519 in
395 2478 606 2534 Phrygia.
958 2479 1039 2520 nisi
1059 2493 1133 2520 rex
1166 2476 1457 2519 Mithridates
1496 2477 1683 2518 rediisset
1704 2479 1763 2517 ud

156 2535 395 2590 Dalmatas,
454 2539 532 2579 the
592 2535 901 2589 Dalmatians,
957 2551 1278 2592 suumregnum,
1302 2537 1363 2578 his
1398 2534 1548 2592 regnis
1585 2536 1757 2588 relectis,

96 2593 177 2638 the
199 2595 483 2638 inhabitants
513 2593 566 2637 of
592 2596 840 2649 Dalmatia,
872 2610 898 2638 a
957 2611 1043 2652 quae
1062 2600 1342 2652 occupaverat.

86 2654 310 2710 ‘province
331 2654 384 2696 of
399 2654 647 2710 Illyricum.
1016 2658 1052 2697 A
1079 2661 1212 2710 tergo,
1235 2655 1279 2695 in
1305 2652 1374 2696 his
1397 2666 1506 2695 rear.

161 2714 322 2766 Moesos,
356 2713 434 2755 the
467 2713 617 2765 Moesi,
650 2712 727 2756 the
765 2712 896 2755 inha-
996 2712 1179 2768 'Cap-uei,
1199 2714 1373 2768 Capua,
1410 2712 1488 2754 the
1513 2710 1678 2766 capital
1712 2708 1763 2754 of

98 2769 273 2814 bitants
292 2771 345 2814 of
370 2772 535 2827 Mysia,
565 2786 591 2813 a
627 2780 815 2826 country
852 2771 905 2814 of
956 2770 1208 2827 Campania
1231 2771 1276 2812 in
1300 2769 1432 2826 Italy,
1463 2769 1659 2812 founded
1699 2770 1755 2825 by

97 2829 212 2873 Asia.
231 2830 402 2884 Minor,
423 2829 602 2873 divided
628 2830 722 2873 into
745 2831 898 2887 Mysia
956 2833 1127 2887 Capua»,
1142 2844 1168 2873 a
1183 2828 1366 2884 Trojan,
1388 2831 1490 2872 who
1505 2843 1631 2872 came
1647 2827 1756 2872 with

97 2887 246 2943 Major
266 2889 354 2932 and
378 2889 530 2946 Mysia
550 2889 720 2933 Minor.
956 2890 1121 2932 AEneas
1143 2889 1238 2931 into
1261 2888 1395 2944 Italy.

155 2946 237 2991 Sed
255 2951 342 2993 ctlm
362 2951 436 3005 ᾀε.
459 2949 535 2994 the
557 2947 865 2993 construction
881 2963 895 3002 3
1018 2947 1180 3004 Malia,
1198 2947 1379 2992 militum
1404 2942 1692 2992 understood!
