1978 3226
660 100 843 144 LIBER
875 101 1165 150 QUINTUS.
1678 106 1737 147 49

78 233 165 268 um
193 217 457 289 ,Iugurthae
484 220 614 271 ferre
652 233 896 289 coeperat,
933 221 1120 290 pariter
1160 222 1443 291 superavit:
1483 223 1740 290 aliquanta

74 302 125 341 et
151 290 257 358 ipse
284 293 469 361 oppida
493 292 754 344 Numidiae
783 295 937 362 cepit,
978 295 1216 362 belloque
1244 296 1518 346 terminum
1548 296 1741 362 posuit,

76 376 226 430 capto
255 364 280 417 J
290 363 507 435 ugurtha
534 384 622 434 per
648 379 954 433 quaestorem
999 370 1149 417 suum
1196 367 1496 418 Cornelium
1523 368 1739 438 Syllam,

75 434 334 506 ingentem
363 439 547 499 virum,
574 440 802 490 tradente
829 438 1035 491 Boccho
1062 439 1389 510 Iugurtham,
1435 441 1523 509 qui
1550 459 1642 510 pro
1676 459 1738 492 eo

77 507 195 560 ante
221 524 550 580 pugnaverat.

152 583 198 631 A
230 582 411 635 Marco
446 584 598 636 Junio
637 582 831 646 Silano,
883 584 1077 654 collega
1119 585 1307 654 Quinti
1348 585 1569 646 Metelli,
1597 585 1739 636 Cim-

75 651 153 703 bri
173 654 225 704 in
255 655 443 719 Gallia,
471 670 520 708 et
540 676 566 707 a
593 657 820 708 Minutio
849 657 997 708 Rufo
1040 659 1091 707 in
1134 657 1444 710 Macedonia
1486 657 1740 710 Scordisci

74 738 126 776 et
159 727 394 791 Triballi,
421 742 472 781 et
498 750 523 780 a
549 730 763 781 Servilio
804 730 1050 799 Caepione
1094 731 1145 780 in
1189 730 1441 800 Hispania
1489 731 1743 792 Lusitani,

76 798 197 849 victi
241 814 395 864 sunt3
457 815 506 853 et
545 804 648 854 duo
687 804 933 872 triumphi
977 805 1040 854 de
1090 803 1362 873 Jugurth'a,
1413 804 1608 872 primus
1652 823 1741 872 per

75 870 370 936 Metellum,
392 877 646 927 secundus
668 895 756 944 per
774 877 1022 939 Marium,
1039 878 1137 928 acti
1155 890 1290 928 sunt.
1369 878 1508 928 Ante
1533 895 1741 929 currum

76 959 248 997 tamen
276 948 429 998 Marii
455 949 706 1018 Iugurtha
728 967 847 1002 cum
875 950 1076 1000 duobus
1104 949 1221 1001 filiis
1256 953 1441 1001 ductus
1486 963 1561 1002 est
1607 964 1739 1002 cate-

75 1031 242 1082 natm,
269 1033 319 1073 et
345 1038 462 1073 mox
485 1023 634 1094 jussu
660 1024 884 1075 consulis
911 1023 962 1074 in
990 1041 1191 1075 carcere
1214 1025 1577 1094 strangulatus.

589 1483 808 1537 LIBER
852 1484 1225 1556 QUINTUS.

73 1661 216 1714 DUM
256 1662 448 1713 bellum
509 1661 561 1711 in
613 1659 863 1712 Numidia
925 1672 1101 1713 contra
1159 1660 1466 1729 Iugurtham
1527 1664 1739 1734 geritur,

75 1735 300 1786 Romani
328 1734 581 1796 consules,
608 1734 819 1788 Marcus
848 1733 1095 1786 Manilius
1139 1746 1190 1786 et
1219 1735 1450 1805 Quintus
1485 1736 1683 1807 Caepio,
1711 1759 1738 1791 a

76 1807 319 1870 Cimbris,
339 1820 390 1859 et
413 1807 758 1869 TeutonibuS,
780 1822 829 1859 et
853 1807 1138 1877 TiguriniS,
1160 1819 1212 1858 et
1232 1809 1606 1874 Ambronibus,
1623 1831 1739 1881 quae

74 1894 216 1932 erant
244 1882 623 1933 Germanorum
647 1895 698 1933 et
726 1881 997 1932 Gallorum
1035 1894 1232 1951 gentes,
1266 1881 1385 1934 victi
1426 1897 1546 1936 sunt
1592 1886 1739 1956 juxta

75 1954 266 2006 flumen
295 1955 646 2016 Rhodanum3
685 1965 754 2015 et,
782 1955 975 2024 ingenti
1009 1955 1354 2006 internecione
1382 1957 1559 2020 attriti,
1586 1959 1739 2011 etiam

75 2043 238 2079 castra
294 2045 403 2079 sua.
433 2039 485 2079 et
534 2045 773 2097 magnam
840 2040 1035 2096 partem
1086 2029 1338 2080 exercitus
1386 2030 1736 2097 perdiderunt.

73 2101 256 2152 Timor
281 2101 468 2153 Romae
492 2101 694 2171 grandis
717 2100 835 2163 fuit,
863 2113 1083 2168 quantus
1100 2102 1182 2151 vix
1212 2102 1481 2155 Annibalis
1508 2116 1737 2173 tempore

73 2173 281 2239 Punicis
306 2173 471 2237 bellis,
513 2192 574 2225 ne
601 2174 787 2225 iterum
833 2173 973 2225 Galli
1015 2174 1241 2226 Romam
1278 2176 1524 2228 venirent.
1599 2178 1736 2249 Ergo

75 2247 291 2312 MariuS,
342 2260 456 2317 post
493 2247 756 2299 victoriam
796 2246 1179 2318 Iugurthinam,
1219 2247 1506 2300 secundum
1556 2254 1736 2305 consul

134 2396 376 2443 Cornelium
410 2396 582 2455 Syllam,
631 2394 870 2440 Cornelius
988 2396 1092 2441 Acci
1110 2405 1220 2451 sunt,
1242 2412 1357 2442 were
1376 2399 1646 2447 celebrated.

76 2455 214 2513 Sylla,
250 2470 277 2498 a
314 2456 495 2498 Roman
546 2455 745 2512 general,
791 2457 869 2498 the
988 2456 1162 2510 Attrici,
1185 2457 1448 2502 weakened.

75 2514 187 2559 rival
204 2514 257 2558 of
265 2513 456 2568 Marius,
471 2513 560 2557 and
576 2514 874 2573 distinguish·
991 2514 1182 2564 Quantus
1216 2517 1286 2559 vix
1324 2519 1397 2571 ᾀε.
1429 2517 1508 2562 the
1550 2517 1645 2564 sear
1684 2520 1739 2565 of

73 2573 144 2627 ed,
167 2573 258 2617 like
282 2573 393 2628 him,
425 2573 485 2630 by
519 2573 590 2617 his
622 2582 748 2630 great
783 2573 872 2616 and
931 2573 1010 2616 the
1053 2574 1259 2617 Romans
1301 2589 1392 2619 was
1446 2578 1643 2634 scarcely
1679 2595 1730 2624 so

76 2646 322 2676 numerous
353 2631 577 2686 victories‚
610 2631 683 2675 his
717 2631 874 2675 barba·
932 2643 1058 2689 great
1090 2632 1137 2675 in
1161 2634 1239 2676 the
1262 2633 1372 2678 time
1392 2636 1442 2679 of
1456 2636 1661 2681 Annibal
1681 2639 1728 2683 in

75 2693 179 2746 rity,
200 2700 412 2747 tyranny,
431 2689 517 2734 and
539 2690 776 2734 ambition.
932 2694 1011 2735 the
1033 2690 1176 2734 Punic
1196 2707 1324 2737 warS.

137 2750 346 2795 Trademe
367 2750 545 2802 Boccho,
567 2749 646 2793 the
672 2748 867 2794 ablative
990 2749 1094 2793 Post
1149 2752 1365 2795 victoriam
1414 2752 1730 2812 Jugurtlzinam,

74 2808 293 2853 absolute.
930 2806 1046 2853 after
1083 2811 1161 2856 the
1201 2810 1373 2869 victory
1413 2826 1522 2859 over
1563 2813 1590 2858 J
1596 2828 1729 2873 ugur-

136 2867 328 2919 Triballi,
351 2880 375 2908 a
398 2866 557 2927 people
573 2866 628 2913 of
633 2867 824 2912 Thrace.
932 2866 1025 2911 tha.

217 2926 436 2995 Eutrop.
1614 2930 1656 2981 E

1968 3012 1978 3226 —g—-h-ss,
1973 2827 1978 3000 ,,,,.-.,.,-.,
1976 2808 1978 2813 ,
1959 2744 1978 2768 ,Χ
