1978 3226
675 175 861 220 LIBER
893 175 1194 225 QUARTUS.
1719 183 1775 221 45

122 315 297 350 manos
314 297 578 366 Hispaniae
599 308 861 367 putaretur
882 317 898 358 ;
937 308 986 346 et
1007 295 1127 348 cum
1148 294 1495 347 interfectores
1516 297 1625 367 ejus
1647 315 1773 365 prae-

121 371 281 421 mium
309 391 334 421 a
362 371 601 440 Caepione
629 371 836 421 consule
872 381 1120 437 peterent,
1163 386 1463 436 responsum
1507 384 1602 431 est,
1645 387 1776 420 nun-

120 462 274 511 quam
302 444 550 495 Romanis
576 443 843 512 placuisse,
872 443 1226 512 imperatorem
1253 461 1281 492 a
1307 442 1409 492 suis
1436 441 1680 494 militibus
1701 442 1775 493 in-

120 515 299 567 terfici.
331 559 375 573 ,ι

191 589 422 658 Quintus
460 587 736 655 Pompeius
776 586 958 637 deinde
1001 587 1180 637 consul
1222 605 1250 636 a
1283 586 1634 647 NumantiniS,
1662 605 1776 655 quae

118 660 384 728 Hispaniae
412 661 585 712 civitas
611 659 709 710 fuit
736 659 1142 727 opulentissima,
1178 670 1460 726 superatus,
1498 676 1675 727 pacem
1703 660 1778 729 ig-

117 733 340 784 nobilem
381 733 521 786 fecit.
594 732 718 783 Post
744 751 862 783 eum
890 731 1047 782 Caius
1073 731 1327 783 Hostilius
1355 732 1631 784 Mancinus
1655 749 1778 782 con-

118 807 234 857 sul
222 820 403 857 lterum
432 824 552 858 cum
578 805 909 856 Numantinis
939 822 1115 873 pacem
1153 805 1275 856 fecit
1313 805 1578 868 infamem,
1615 822 1773 873 quarn

118 881 337 948 populus
378 891 429 929 et
469 892 671 929 senatus
709 880 858 949 jussit
901 877 1129 947 infringi,
1173 892 1325 946 atque
1365 878 1530 946 ipsum
1573 878 1774 930 Manci-

118 970 243 1002 num
288 952 517 1003 hostibus
562 953 708 1012 tradi,
745 965 800 1002 ut
842 953 892 1002 in
933 951 1038 1011 illo,
1066 969 1221 1018 quem
1264 963 1524 1001 auctorem
1563 950 1775 1003 foederis

116 1024 425 1087 habebant,
415 1025 650 1095 injuriam
672 1024 825 1075 soluti
845 1024 1053 1074 foederis
1074 1025 1405 1075 vindicarent.
1439 1024 1560 1075 Post
1582 1037 1775 1075 tantam

116 1098 270 1167 igitur
313 1097 662 1166 ignominiam,
689 1116 790 1165 qua
817 1115 843 1147 a
869 1096 1201 1148 Numantinis
1246 1097 1321 1148 bis
1366 1096 1592 1147 Romani
1632 1115 1775 1148 exer-

116 1172 248 1222 citus
274 1169 476 1221 fuerant
504 1170 780 1240 subjugati,
804 1169 1018 1220 Publius
1063 1169 1235 1238 Scipio
1275 1169 1551 1221 Africanus
1593 1186 1772 1222 secun-

117 1243 243 1293 dum
273 1245 452 1295 consul
477 1242 662 1304 factuS,
690 1256 739 1294 et
768 1244 830 1294 ad
862 1242 1198 1293 Numantiam
1235 1243 1416 1294 missus
1437 1257 1527 1294 est.
1588 1242 1638 1295 Is
1670 1244 1773 1310 pri-

115 1315 261 1367 mum
278 1316 510 1378 militem,
530 1317 767 1368 vitiosum
789 1329 838 1367 et
859 1316 1118 1385 ignavum,
1136 1317 1417 1367 exercendo
1437 1315 1598 1385 magis
1616 1315 1773 1385 quam

114 1390 393 1458 puniendo,
411 1388 518 1440 sim}
539 1388 706 1458 aliqu&
723 1388 991 1440 acerbitate
1011 1390 1243 1440 correxit.
1272 1389 1414 1440 Tum
1441 1392 1625 1440 multas
1646 1389 1773 1440 His-

112 1463 277 1532 paniae
317 1463 542 1514 civitates
581 1464 765 1531 partim
803 1462 938 1513 bello
977 1463 1130 1530 cepit,
1172 1463 1355 1530 partim
1381 1463 1432 1512 in
1459 1462 1771 1514 deditionem

99 1536 326 1604 accepit.
418 1535 687 1587 Postremo
737 1536 897 1603 ipsam
951 1534 1308 1597 Numantiam,
1359 1536 1447 1586 diu
1496 1535 1774 1596 obsessam,

114 1609 250 1659 fame
276 1607 518 1670 confecit,
562 1621 613 1660 et
650 1627 677 1659 a
722 1610 831 1660 solo
865 1609 1073 1660 evertit:
1110 1610 1358 1677 reliquam
1381 1609 1693 1677 provinciam
1719 1609 1774 1659 in

113 1681 271 1734 fidem
297 1682 508 1750 accepit.

122 1763 147 1792 ⁷-
186 1754 264 1805 Eo
298 1767 527 1822 tempore
564 1753 788 1815 Attalus,
830 1770 918 1804 rex
960 1753 1118 1815 Asiae,
1159 1753 1314 1804 frater
1347 1753 1611 1816 Eumeni3‚
1637 1771 1773 1805 mor·

116 1840 236 1879 tuus
259 1841 354 1890 est,
379 1827 737 1895 haeredemque
765 1827 1011 1895 populum
1053 1827 1351 1879 Romanum
1394 1828 1617 1896 reliquit.
1691 1827 1773 1879 Ita

116 1903 330 1967 imperio
357 1901 596 1951 Romano
624 1918 712 1967 per
739 1912 1102 1951 testamentum
1130 1901 1254 1951 Asia
1282 1902 1507 1951 accessit.

185 1974 318 2025 Mox
344 1975 497 2025 etiam
522 1974 772 2024 Decimus
799 1973 982 2025 Junius
1008 1973 1198 2024 Brutus
1224 1975 1286 2024 de
1315 1972 1555 2025 Gallaecis
1582 1983 1633 2023 et
1667 1972 1772 2023 Lu·

117 2047 289 2100 sitanis
315 2047 645 2115 triumphavit
671 2044 854 2116 magna
881 2044 1073 2115 gloria3
1113 2060 1163 2096 et
1189 2045 1401 2097 Publius
1427 2046 1600 2114 Scipio
1628 2045 1773 2096 Afri-

116 2137 274 2173 canus
313 2121 377 2171 de
419 2119 752 2171 Numantinis
777 2119 1056 2171 secundum
1085 2119 1402 2187 triumphum
1429 2121 1551 2190 egit,
1591 2131 1771 2187 quarto

118 2194 317 2246 decimo
342 2211 476 2244 anno
505 2207 776 2261 postquam
802 2193 1025 2260 priorem
1052 2193 1114 2242 de
1144 2192 1323 2244 Afric&
1348 2208 1534 2261 egerat.

188 2267 397 2318 Motum
418 2267 619 2317 interim
655 2267 707 2315 in
754 2263 879 2316 Asia
912 2265 1103 2316 bellum
1137 2280 1212 2316 est
1239 2266 1299 2316 ab
1330 2264 1642 2324 Aristonic0‚
1668 2264 1775 2315 Eu-

118 2340 280 2390 menis
305 2339 430 2399 filio,
453 2340 542 2407 qui
569 2336 629 2390 ex'
655 2337 938 2391 concubina
966 2354 1230 2406 susceptus
1265 2338 1459 2390 fuerat:
1498 2341 1539 2390 is
1582 2337 1770 2388 Eume-

112 2431 204 2465 nes
226 2412 379 2464 frater
407 2412 568 2463 Attali
605 2412 786 2463 fuerat.
865 2412 1125 2463 Adversus
1166 2430 1284 2462 eum
1310 2412 1493 2462 missus
1533 2424 1607 2461 est
1633 2409 1771 2460 Pub-

114 2487 212 2539 lius
238 2485 466 2539 Licinius
486 2485 715 2537 Crassus.
791 2484 990 2536 Habuit
1011 2484 1206 2536 infinita
1227 2503 1406 2556 regum
1428 2484 1631 2545 auxilia,
1652 2500 1771 2534 nam

177 2643 217 2687 Δ
263 2641 541 2693 Numantinis,
581 2640 639 2697 by
686 2640 764 2685 the
811 2643 912 2685 Nu·
975 2643 1072 2685 bant
1092 2641 1493 2695 auctoremfaederis.

121 2700 361 2751 mantines,
408 2701 484 2744 the
536 2699 816 2744 inhabitants
868 2701 920 2744 of
1032 2701 1232 2753 iimitem,
1255 2702 1330 2743 the
1352 2715 1495 2756 army.

120 2760 392 2804 Numantia.
788 2775 790 2787 ¹
1035 2760 1244 2811 Gallam,
1268 2761 1343 2802 the
1379 2758 1582 2814 Gallaeci‚
1615 2773 1642 2803 a
1670 2770 1769 2815 peoss

183 2818 242 2863 Ut
278 2819 323 2860 in
358 2818 429 2861 illo
467 2820 539 2872 ᾅτ.
574 2817 651 2860 the
687 2826 914 2861 construc-
975 2819 1046 2874 ple
1081 2818 1338 2876 inhabiting
1372 2820 1448 2862 the
1486 2820 1693 2876 province
1723 2817 1775 2860 of

121 2877 241 2929 tion3
305 2876 363 2920 Ut
410 2878 671 2920 vindicarent
720 2879 916 2934 injuriam
975 2877 1237 2922 Galliciain
1261 2878 1412 2935 Spain.

117 2935 420 2993 solutisoederis
453 2937 494 2979 in
528 2935 614 2989 illo,
651 2950 766 2993 quem
795 2936 915 2980 habe-
