1934 3248
98 139 151 177 10
607 138 899 182 EUTROPII
934 139 1241 182 HISTORIAE

95 267 234 310 eum,
260 252 347 317 qui
381 252 633 304 civitatem
684 255 906 305 Ardeam
949 274 1067 307 cum
1106 257 1215 324 ipso
1253 275 1370 325 rege
1406 256 1750 326 oppugnabat,

94 323 331 390 reliquit;
371 325 677 393 veniensque
703 329 763 376 ad
787 329 963 378 urbem
984 346 1090 390 rex,
1109 329 1265 396 portis
1288 331 1488 389 clausis,
1516 333 1750 381 exclusus

98 405 190 444 est.
275 394 515 462 Cumque
565 399 858 466 1mperasset
908 418 1065 451 anuos
1111 402 1289 470 viginti
1335 403 1580 469 quinque,
1629 418 1749 452 cum

99 482 256 516 uxore
276 481 326 517 et
351 469 518 518 liberis
545 472 647 520 suis
672 469 821 539 fugit.

170 537 248 588 Ita
290 539 474 590 Romae
516 554 784 609 regnatum
830 553 904 592 est
947 560 1036 608 per
1080 555 1273 608 septem
1319 561 1460 613 reges
1486 543 1630 593 annis
1658 543 1751 593 du-
1874 558 1927 636 ,Ξ

98 609 257 661 centis
309 613 641 679 quadraginta
687 613 865 674 tribus,
915 612 1035 664 cum
1080 615 1244 665 adhuc
1284 615 1472 676 Roma,
1519 615 1605 665 ubi
1643 616 1754 682 plu·
1886 627 1922 683 4

97 681 304 743 timum,
332 684 414 733 vix
442 701 603 752 usque
628 686 690 735 ad
718 686 954 752 quintum
999 687 1256 737 decimum
1287 687 1598 749 milliarium,
1641 704 1755 754 pos·
1892 702 1896 707 ⁴

99 754 300 805 sideret.
1571 814 1574 816 v

170 825 311 876 Hinc
342 828 575 878 consules
619 845 840 895 coepere,
880 846 971 896 pro
1007 846 1109 879 uno
1154 846 1292 898 rege,
1331 829 1433 879 duo
1471 828 1565 879 h‘ac
1605 827 1753 879 caus'a
1912 841 1934 914 11

99 898 254 948 creari
278 919 294 959 3
348 911 422 962 ut,
449 901 489 949 si
519 918 648 951 unus
674 902 837 950 malus
859 918 965 951 esse
987 901 1246 962 voluisset,
1264 903 1387 951 alter
1409 900 1753 962 eum,habens
1917 896 1921 902 ’

95 981 397 1036 potestatem
426 971 662 1032 similem,
687 985 958 1023 coerceret.
1035 973 1099 1023 Et
1140 974 1348 1042 placuit,
1382 992 1446 1023 ne
1484 974 1755 1040 imperium

96 1040 318 1111 longius,
354 1042 512 1111 quam
557 1063 767 1106 annum,
806 1045 1085 1107 haberent3
1137 1064 1199 1096 ne
1247 1064 1335 1113 per
1372 1046 1755 1096 diuturnitatem

95 1115 357 1181 potestatis
408 1117 757 1168 insolentiores
807 1118 1156 1179 redderentur,
1211 1119 1297 1168 sed
1349 1118 1518 1168 civiles
1558 1134 1756 1184 semper

98 1198 282 1248 essent,
312 1188 399 1254 qui
427 1206 478 1239 se
507 1201 620 1257 post
643 1207 833 1240 annum
862 1190 1047 1240 scirent
1074 1189 1274 1240 futuros
1302 1207 1408 1240 esse
1436 1190 1671 1258 privatos.

169 1259 399 1310 Fuerunt
433 1262 587 1330 igitur
613 1279 745 1312 anno
771 1262 955 1330 primo,
1001 1264 1221 1330 expulsis
1262 1262 1484 1331 regibus,
1525 1261 1758 1312 consules

100 1329 294 1382 Lucius
322 1330 502 1384 Junius
541 1334 751 1395 Brutus,
790 1335 878 1402 qui
921 1333 1140 1385 maxime
1168 1347 1337 1405 egerat
1366 1348 1422 1384 ut
1446 1333 1759 1401 Tarquinius

101 1405 391 1471 pelleretur,
433 1418 481 1455 et
523 1405 837 1474 Tarquinius
887 1406 1194 1468 Collatinus,
1241 1407 1448 1457 maritus
1487 1406 1755 1456 Lucretiae.

100 1475 205 1526 Sed
253 1477 535 1544 Tarquinio
587 1479 843 1529 Collatino
896 1480 1065 1528 statim
1129 1479 1323 1529 sublata
1374 1479 1592 1546 dignitas
1644 1489 1757 1537 est3

102 1549 358 1614 placuerat
383 1551 536 1612 enim,
566 1569 626 1600 ne
655 1552 924 1618 quisquam
966 1552 1018 1600 in
1059 1551 1181 1601 urbe
1221 1564 1464 1610 maneret,
1505 1550 1593 1617 qui
1629 1549 1760 1599 Tar-

105 1620 309 1686 quinius
337 1636 615 1672 vocaretur.
690 1624 846 1691 Ergo,
888 1635 1095 1690 accepto
1128 1623 1267 1673 omni
1304 1622 1607 1690 patrimonio
1650 1639 1762 1684 suc,

104 1709 164 1742 ex
193 1693 316 1743 urbe
358 1694 625 1763 migravit3
667 1709 715 1745 et
741 1697 852 1745 loco
881 1697 1038 1762 ipsius
1066 1695 1231 1746 factus
1258 1708 1332 1745 est
1359 1694 1597 1744 Valerius
1623 1692 1761 1743 Pub-

103 1765 252 1815 licola
290 1769 484 1816 consul.
561 1767 855 1817 Commovit
900 1780 1066 1817 tamen
1117 1767 1307 1817 bellum
1352 1767 1464 1817 urbi
1511 1766 1761 1815 Romanae

106 1854 191 1887 rex
217 1837 550 1905 Tarquinius,
586 1841 674 1905 qui
714 1839 879 1889 fuerat
906 1841 1167 1906 expulsus,
1195 1852 1262 1900 et,
1287 1840 1509 1889 collectis
1537 1838 1762 1904 undique

104 1909 278 1959 multis
306 1911 559 1978 gentibus,
588 1924 644 1961 ut
679 1912 728 1960 in
770 1929 985 1980 regnum
1027 1924 1195 1979 posset
1238 1912 1453 1971 restitui,
1489 1910 1761 1961 dimicavit.

106 1981 166 2030 In
209 1981 369 2048 prima
412 1982 583 2051 pugna
624 1984 813 2034 Brutus
853 1996 902 2033 et
944 1986 1134 2044 Aruns,
1160 1983 1431 2049 Tarquinii
1456 1982 1612 2042 filius,
1640 1982 1764 2031 invi-

106 2069 217 2103 cem
245 2071 295 2103 se
323 2055 634 2105 occiderunt.
713 2055 938 2105 Romani
979 2068 1146 2106 tamen
1175 2074 1234 2105 ex
1263 2054 1321 2105 ea
1347 2054 1516 2122 pugna
1550 2055 1764 2104 victores
1812 2060 1814 2063 '

105 2140 434 2177 recesserunt.
509 2128 730 2178 Brutum
797 2128 1048 2178 Romanae
1114 2139 1376 2189 matronae,
1446 2126 1765 2177 defensorem

104 2198 361 2264 pudicitiae
412 2217 536 2260 suae,
577 2201 720 2266 quasi
769 2218 1096 2250 communem
1145 2211 1357 2267 patrem,
1427 2216 1516 2266 per
1573 2215 1766 2248 annum

106 2271 362 2320 luxerunt.
435 2272 676 2323 Valerius
702 2271 964 2322 Publicola
1001 2272 1244 2340 Spurium
1273 2271 1572 2321 Lucretium
1599 2271 1766 2321 Trici·
1913 2267 1934 2319 i

107 2342 326 2409 pitinum
355 2344 602 2413 collegam
631 2344 724 2395 sibi
748 2344 887 2404 fecit,
913 2345 1163 2395 Lucretiae
1188 2356 1378 2410 patrem
1403 2363 1418 2404 3
1460 2361 1561 2410 quo
1588 2342 1766 2392 morbo

109 2426 332 2476 mortuo,
416 2417 601 2467 iterum
680 2417 957 2467 Horatium
1032 2417 1308 2467 Pulvillum
1370 2417 1617 2484 collegam
1676 2415 1768 2464 sibi
1908 2396 1921 2465 i

111 2499 340 2555 sumpsit.

174 2680 253 2724 Ubi
280 2680 520 2736 plurimum,
551 2681 718 2723 haberet
754 2679 789 2721 is
829 2693 910 2720 un-
1031 2677 1226 2731 Placuit,
1254 2675 1410 2732 populo
1463 2675 1650 2717 Romano
1689 2687 1774 2716 un-

113 2738 320 2781 derstood
350 2739 460 2780 after
482 2740 565 2794 ubi,
598 2738 684 2781 aud
707 2739 914 2780 territoria·
972 2735 1196 2779 (lerstood.

109 2796 221 2840 after
238 2797 484 2853 plurimum.
1035 2794 1245 2847 Privatos,
1268 2791 1438 2848 private
1461 2789 1750 2835 individuals.
1825 2844 1827 2846 .
