1934 3248
254 111 310 149 60
756 113 1051 157 EUTROPII
1085 113 1390 158 HISTORIAE

247 229 493 280 sexcentis
518 229 738 283 millibus
765 233 1134 300 sagittariorum
1170 246 1217 284 et
1251 246 1557 285 armatorum
1585 235 1890 297 venientem,

245 301 528 352 octodecim
556 304 710 354 millia
737 307 955 355 militum
976 306 1184 368 habens,
1210 308 1277 356 ita
1293 308 1431 367 vicit,
1449 319 1504 357 ut
1524 325 1758 376 magnam
1777 326 1888 376 par-

243 383 348 421 tem
381 373 743 427 Armeniorum
771 378 1024 428 deleverit.
1100 378 1223 428 Inde
1249 380 1451 430 Nisibin
1479 378 1755 447 profectus,
1780 397 1892 430 eam

243 461 450 511 quoque
477 448 730 498 civitatem
757 467 875 500 cum
902 451 1033 519 regis
1058 449 1210 501 fratre
1237 453 1383 519 cepit.
1460 453 1561 502 Sed
1587 452 1658 514 hi,
1683 469 1810 520 quos
1835 452 1889 501 in

242 514 408 567 Ponto
427 518 674 571 Lucullus
701 523 970 590 reliquerat
994 540 1110 572 cum
1137 523 1387 574 exercitiis
1408 538 1564 590 parte,
1587 536 1640 575 ut
1661 525 1890 594 regiones

240 587 396 641 victas
423 592 572 641 etiam
601 593 865 644 Romanos
894 607 1172 656 tuerentur,
1199 597 1511 664 negligenter
1556 614 1607 647 se
1649 610 1699 647 et
1740 594 1888 647 avare

243 675 465 729 agentes,
495 666 810 716 occasionem
851 667 1033 717 iterum
1062 668 1347 718 Mithridati
1375 669 1424 717 in
1450 667 1673 718 Pontum
1708 669 1886 719 irrum-

239 734 392 800 pendi
419 736 685 798 dederunt,
710 751 860 805 atque
888 740 954 789 ita
980 740 1167 789 bellum
1188 753 1482 790 renovatum
1502 752 1591 790 est.
1656 740 1886 802 ,Lucullo

238 808 450 872 paranti,
478 808 622 876 capt'a
645 810 830 872 Nisibi,
857 824 1029 862 contra
1056 812 1230 863 Persas
1270 813 1660 881 expeditionem,
1688 829 1885 865 succes-

241 894 323 928 sor
349 893 423 930 est
450 897 648 935 missuS.

310 952 458 1002 Alter
495 953 762 1014 Lucullus,
789 955 876 1022 qui
904 955 1258 1006 Macedoniam
1296 955 1692 1017 administrabat,
1718 955 1886 1007 Bessis

236 1022 594 1076 Romanorum
623 1027 813 1093 primus
836 1029 1002 1078 intulit
1023 1029 1229 1090 bellum,
1253 1041 1404 1096 atque
1430 1047 1515 1079 eos
1542 1030 1732 1097 ingenti
1757 1046 1883 1096 prae-

233 1096 303 1145 lio
325 1096 376 1145 in
394 1096 551 1148 AEmo
573 1113 743 1150 monte
762 1101 1011 1167 superavit
1031 1123 1045 1162 3
1088 1101 1331 1169 oppidum
1353 1102 1727 1163 Uscudamam,
1749 1103 1884 1169 quod

236 1167 378 1219 Bessi
398 1169 706 1233 habitabant,
734 1175 912 1222 eodem
940 1174 1039 1234 die,
1067 1192 1168 1240 quo
1189 1191 1452 1243 aggressus
1472 1186 1564 1235 est,
1593 1174 1746 1235 vicit3
1787 1172 1885 1225 Ca-

232 1239 383 1311 bylen
410 1245 574 1310 cepit;
619 1263 776 1312 usque
803 1247 865 1295 ad
890 1245 1189 1295 Danubium
1217 1247 1509 1313 penetravit.
1585 1246 1710 1296 Inde
1753 1246 1887 1296 mul-

232 1324 308 1364 tas
352 1331 503 1382 super
543 1316 766 1367 Pontum
812 1319 997 1386 positas
1041 1320 1265 1370 civitates
1304 1335 1567 1388 aggressus
1606 1331 1698 1370 est.
1774 1318 1883 1368 Illic

233 1387 562 1454 Apolloniam
589 1391 783 1448 evertit,
830 1390 1048 1453 Calatin,
1098 1390 1512 1459 Parthenopolin,
1559 1391 1773 1449 Tomos,
1808 1390 1884 1439 Is-

231 1469 367 1509 trum
390 1481 405 1521 ;
445 1461 657 1530 Byziam
685 1480 890 1513 omnem
917 1465 1048 1530 cepit
1071 1484 1086 1524 3
1125 1464 1358 1531 belloque
1380 1463 1634 1524 confect0‚
1657 1462 1883 1512 Romam

231 1533 396 1582 rediit.
475 1535 646 1585 Ambo
673 1548 842 1585 tamen
869 1536 1326 1604 triumphaverunt,
1354 1537 1621 1598 Lucullus,
1650 1535 1737 1603 qui
1762 1552 1882 1586 con-

231 1616 306 1654 tra
333 1605 685 1657 Mithridatem
715 1623 1040 1676 pugnaverat,
1069 1609 1246 1678 majori
1271 1608 1447 1678 gloria,
1476 1608 1595 1660 cum
1628 1620 1882 1658 tantorum

232 1693 505 1747 regnorum
531 1681 691 1732 victor
717 1682 959 1731 rediisset.

293 1896 476 1952 Nisibin,
515 1897 704 1950 Nisibis,
760 1912 786 1941 a
840 1899 929 1955 city
980 1898 1031 1940 of
1088 1897 1201 1941 from
1224 1895 1462 1952 Thessaly.

230 1956 579 2011 Mesopotamia,
621 1959 767 2000 which
809 1971 898 1999 was
949 1971 1024 2015 ge-

229 2014 403 2071 nerally
444 2015 718 2069 considered,
750 2015 910 2073 during
950 2017 1025 2058 the

231 2073 357 2131 reign
388 2073 438 2116 of
469 2075 544 2116 the
583 2075 762 2117 Roman
785 2088 1026 2131 emperors,

229 2145 280 2173 as
300 2134 376 2174 the
399 2132 564 2175 barrier
584 2133 787 2175 between
826 2135 902 2175 the
936 2134 1025 2176 Ro-

230 2202 338 2233 man
362 2190 448 2233 and
473 2191 549 2233 the
574 2193 757 2234 Persian
780 2191 986 2247 empires.

295 2248 351 2292 Ut
382 2251 567 2305 regiones
587 2253 655 2303 ᾀσ.
697 2252 773 2292 the
797 2258 1025 2292 construc-

228 2305 354 2359 tion3
392 2307 447 2352 Ut
491 2315 717 2352 tuerentur
745 2310 875 2351 victas
914 2310 1026 2363 regi-

226 2380 324 2408 ones
365 2374 410 2409 et
439 2369 563 2410 etiam
602 2367 822 2421 Romanos,
862 2373 1025 2423 agentes

226 2437 268 2466 se
291 2425 554 2481 negligenter
575 2431 615 2469 et
647 2441 784 2477 avare,
823 2428 1023 2468 dederunt

226 2485 469 2525 occasionem
500 2485 650 2527 iterum
687 2484 938 2528 Mithridati
964 2487 1023 2526 ir·

225 2543 441 2595 rumpendi
461 2543 503 2585 ἱη
528 2543 731 2589 Pontum.

285 2601 434 2653 Bessis,
474 2602 650 2657 against
693 2605 771 2644 tne
813 2600 957 2655 Bessi,
998 2614 1023 2643 a

226 2658 384 2713 people
408 2659 656 2712 othxraoe,
672 2660 772 2702 who
795 2659 1019 2702 subsisted

225 2715 389 2770 chiefly
407 2716 463 2773 by
488 2718 654 2774 rapine.

282 2774 418 2827 AEmo,
460 2777 616 2819 AEmus
653 2790 702 2820 or
754 2778 954 2828 Haemus,
995 2790 1020 2818 a

222 2835 1018 2892 mountainwliichsepararesTlirace

1150 1957 1432 2007 Uscudamam,
1473 1955 1667 2013 Cabylen,
1707 1957 1881 2012 Apollo-

1085 2016 1207 2069 niam,
1245 2014 1427 2066 Calatin,
1469 2013 1644 2067 Istrum,
1690 2015 1878 2073 Byziam,

1087 2073 1357 2125 Uscudama,
1395 2072 1582 2127 Cabyle,
1622 2075 1879 2130 Apollonia,

1083 2131 1270 2184 Calatis,
1300 2132 1414 2173 [ster
1445 2145 1494 2173 or
1522 2131 1766 2187 Istropolis,
1788 2134 1878 2176 and

1086 2190 1237 2246 Byzia,
1259 2199 1402 2231 towns
1422 2189 1472 2230 of
1487 2190 1675 2232 Thrace.

1145 2247 1495 2303 Parthenopolin,
1525 2248 1879 2307 ParthenopoliS,

1085 2321 1110 2350 a
1131 2307 1220 2362 city
1244 2306 1295 2348 of
1312 2305 1548 2348 Macedon.

1146 2365 1300 2418 Tomos,
1318 2366 1500 2418 Tomos,
1532 2378 1582 2406 or
1613 2363 1780 2419 Tomis,
1813 2379 1876 2418 or,

1081 2438 1131 2467 as
1164 2426 1197 2466 it
1219 2424 1256 2466 is
1281 2437 1377 2465 now
1400 2422 1556 2476 called,
1587 2422 1877 2477 Temiswaer‚

1081 2498 1107 2525 a
1127 2483 1218 2538 city
1240 2496 1299 2524 on
1320 2482 1395 2523 the
1419 2490 1608 2523 western
1642 2482 1796 2524 shores
1828 2482 1881 2524 of

1081 2543 1159 2583 the
1188 2540 1359 2583 Euxine
1394 2554 1482 2593 sea,
1521 2540 1598 2582 the
1629 2538 1794 2598 capital
1831 2540 1884 2584 of

1081 2599 1219 2643 lower
1236 2599 1415 2640 Moesia.

1143 2657 1355 2709 Lucullus,
1397 2655 1668 2713 triumphavit
1714 2655 1875 2701 under-

1082 2715 1224 2760 stood.

1140 2774 1254 2826 Cam,
1275 2771 1481 2817 because.
