1978 3226
3 265 6 267 '
0 52 28 230 '‘W-rm..
21 6 27 12 .

730 168 917 214 LIBER.
945 167 1189 213 SEXTUS.
1742 170 1796 208 65

141 294 273 346 inter
298 293 480 362 Alpes,
523 290 718 343 flumen
761 291 1103 352 Rhodanum,
1147 287 1417 350 Rhenum,
1460 296 1511 338 et
1549 302 1799 338 oceanum

144 381 243 430 est,
267 381 318 419 et
341 366 558 418 circuitu
582 376 721 434 patet
746 365 810 414 ad
849 363 927 415 bis
961 363 1130 414 tricies
1172 372 1388 414 centena
1431 359 1589 410 millia
1626 375 1805 426 passu-

149 457 255 492 um.
329 439 584 491 Britannis
625 454 744 488 mox
787 437 982 488 bellum
1024 435 1214 497 intulit,
1243 433 1429 502 quibus
1455 444 1571 483 ante
1598 448 1808 483 eumne

149 530 340 564 nomen
364 511 573 580 quidem
608 510 966 560 Romanorum
992 510 1258 579 cognitum
1281 519 1387 558 erat
1408 526 1425 567 3
1478 518 1529 556 et
1548 521 1636 556 eos
1680 522 1810 572 quo·

151 604 253 654 que
276 585 456 645 victos,
483 581 742 635 obsidibus
768 584 1006 651 acceptiS,
1031 580 1382 650 stipendiarios
1407 577 1547 630 fecit.
1623 577 1810 628 Galliae

149 671 321 710 autem
345 657 522 708 tributi
547 656 755 708 nomine
788 673 1018 707 annuum
1055 654 1322 724 imperavit
1359 652 1648 703 sestertium
1686 669 1810 717 qua-

149 731 495 800 dringenties3
563 730 957 797 Germanosque
1017 741 1154 780 trans
1216 727 1464 778 Rhenum
1526 740 1816 794 aggressuS,

150 803 530 855 immanissimis
555 802 741 872 praeliis
782 802 918 854 vicit.
993 801 1134 853 Inter
1162 813 1239 852 tot
1272 815 1536 852 successus
1579 811 1656 848 ter
1682 795 1815 846 male

151 877 417 947 pugnavit,
453 877 588 944 apud
641 876 904 927 Arvernos
955 877 1113 926 semel
1164 889 1406 943 praesenS,
1454 883 1505 922 et
1543 870 1722 921 absens
1761 870 1814 918 in

155 947 436 1001 Germania
452 948 547 1010 bis,
567 966 706 1010 nam,
732 950 884 1019 legati
911 949 1022 1019 ejus
1048 951 1171 1010 du0,
1196 947 1432 998 Titurius
1458 956 1508 996 et
1536 946 1818 995 Auruncu-

152 1023 282 1074 leius
308 1041 397 1092 per
422 1022 627 1074 insidias
654 1023 772 1073 caesi
798 1034 934 1074 sunt.

225 1095 377 1148 Circa
405 1097 585 1147 eadem
611 1107 859 1163 tempora,
885 1111 1018 1145 anno
1047 1093 1185 1144 urbis
1208 1093 1428 1143 conditae
1449 1088 1818 1142 sexcentesimo

153 1169 486 1239 nonagesimo
538 1169 777 1236 septim0‚
816 1167 1029 1218 Marcus
1073 1165 1305 1218 Licinius
1345 1165 1581 1226 CrassuS,
1626 1163 1821 1230 collega

157 1242 305 1294 Cnaei
327 1241 563 1310 Pompeii
589 1241 772 1311 Magni
792 1241 844 1291 in
859 1241 1128 1292 consulatu
1147 1239 1390 1300 secund0,
1413 1249 1589 1290 contra
1605 1235 1822 1286 Parthos

156 1316 342 1367 missus
367 1327 442 1366 est
465 1336 481 1378 3
521 1326 573 1366 et
595 1313 718 1366 cum
745 1314 877 1366 circa
903 1314 1086 1366 Carras
1112 1326 1289 1365 contra
1315 1311 1485 1362 omina
1511 1324 1561 1361 et
1597 1308 1824 1375 auspicia

160 1388 469 1450 dimicasset,
494 1406 523 1438 a
547 1386 763 1450 Surena,
782 1387 971 1439 Orodis
997 1387 1130 1457 regis
1155 1387 1306 1448 duce,
1331 1385 1514 1444 victus,
1539 1383 1602 1434 ad
1629 1396 1825 1450 postre-

159 1479 303 1513 mum
342 1461 641 1512 interfectus
679 1473 775 1521 est,
814 1479 933 1512 cum
973 1459 1098 1521 filio,
1146 1459 1424 1511 clarissimo
1472 1469 1523 1508 et
1578 1468 1827 1524 praestan-

159 1535 356 1587 tissimo
389 1536 596 1606 juvene.
671 1534 928 1602 Reliquiae
955 1531 1210 1585 exercitiis
1241 1549 1330 1601 per
1372 1531 1558 1582 Caium
1586 1528 1825 1580 Cassium

158 1620 467 1677 quaestorem
493 1619 700 1659 servatae
727 1620 865 1669 sunt,
893 1608 983 1675 qui
1027 1607 1272 1675 singulari
1297 1606 1468 1657 animo
1499 1602 1720 1670 perditas
1746 1619 1827 1651 res

158 1678 298 1732 tanta
317 1682 504 1732 virtute
530 1681 768 1742 restituit,
797 1694 853 1732 ut
877 1680 1078 1744 PersaS,
1105 1680 1306 1731 rediens
1331 1691 1469 1730 trans
1488 1675 1825 1745 Euphratem,

161 1753 352 1806 crebris
377 1754 564 1823 praeliis
591 1754 831 1807 vinceret.

144 1827 369 1904 JHinc
391 1829 499 1899 jam
524 1827 716 1879 bellum
748 1826 896 1879 civile
922 1825 1185 1887 successit,
1212 1824 1558 1875 execrandum
1583 1834 1634 1871 et
1661 1822 1823 1890 lacry-

160 1900 365 1963 mabile,
390 1919 513 1970 quc,
551 1912 734 1969 praeter
777 1899 1088 1952 calamitates
1132 1915 1248 1966 quae
1293 1897 1479 1967 praeliis
1515 1895 1828 1953 acciderunt,

158 1974 312 2026 etiam
339 1974 566 2026 Romani
591 1973 812 2025 nominis
847 1971 1056 2023 fortuna
1081 1983 1277 2022 mutata
1302 1983 1396 2023 est.
1471 1969 1645 2021 Caesar
1670 1968 1831 2027 enim,

222 2171 430 2224 Rhenum,
471 2172 549 2214 the
590 2170 756 2224 Rhine,
796 2183 882 2212 one
920 2168 971 2211 of
1026 2168 1286 2225 aprovince
1307 2168 1358 2212 of
1374 2169 1542 2212 Persia.

162 2230 244 2274 the
285 2231 452 2289 largest
503 2232 640 2273 rivers
682 2230 726 2272 in
771 2229 966 2283 Europe,
1087 2227 1258 2281 Carras,
1292 2227 1457 2282 Carrae,
1491 2227 1632 2272 called
1664 2227 1723 2284 by
1759 2229 1834 2271 the

163 2289 368 2348 dividing
390 2290 557 2332 France
578 2288 694 2332 from
717 2288 967 2342 Germany.
1026 2287 1148 2331 Jews
1173 2287 1375 2341 Charan,
1397 2302 1422 2329 a
1446 2287 1538 2344 city
1558 2288 1610 2331 of
1624 2288 1836 2345 Mesopo·

225 2347 415 2393 circuitu
443 2355 559 2405 potet
596 2350 662 2403 ad,
703 2346 890 2391 extends
920 2347 968 2389 in

165 2406 532 2452 circumference.

224 2467 422 2519 Parthos,
470 2468 549 2508 the
594 2464 850 2520 Parthians,
891 2464 969 2507 the

165 2523 452 2569 inhabitants
490 2523 543 2567 of
571 2523 773 2578 Parthia,
798 2538 825 2566 a
856 2522 971 2566 cele·

166 2584 325 2627 brated
363 2592 556 2640 country
587 2581 639 2625 of
670 2582 782 2626 Asia
814 2590 860 2625 to
892 2584 971 2624 the

169 2652 269 2686 aest
300 2642 353 2685 of
378 2641 550 2685 Media.
607 2641 721 2684 This
754 2639 972 2700 kingdom

168 2715 262 2745 vas
286 2700 485 2744 founded
509 2701 568 2755 by
586 2703 795 2753 ArsaceS,
817 2715 843 2743 a
863 2713 974 2742 man

165 2760 220 2803 of
257 2759 445 2804 obscure
492 2757 653 2816 origin,
703 2758 843 2802 about
889 2764 975 2803 250

168 2832 300 2875 years
331 2818 485 2862 before
520 2818 597 2861 the
619 2817 852 2860 Christian
875 2831 976 2871 aera,

165 2877 256 2921 and
292 2876 496 2921 retained
535 2875 595 2920 its
631 2875 976 2934 independence

168 2934 238 2981 till
256 2939 316 2983 A.
337 2937 399 2981 D.
430 2942 532 2992 229,
567 2935 699 2981 when
721 2935 756 2980 it
788 2934 978 2981 became

1028 2345 1182 2389 tamia.

1086 2405 1157 2448 Ad
1171 2412 1433 2462 postremum,
1454 2404 1485 2447 i.
1508 2419 1546 2448 e.
1565 2412 1779 2462 postremo.

1090 2465 1310 2521 Singulari
1328 2465 1477 2518 animo,
1511 2463 1621 2507 with
1653 2477 1841 2507 uncom-

1031 2537 1139 2566 mon
1161 2522 1282 2567 skill.

1094 2581 1370 2638 Euphratem,
1400 2581 1478 2625 the
1514 2581 1787 2640 Euphrate5‚
1817 2595 1842 2622 a

1032 2639 1287 2684 celebrated
1344 2642 1461 2684 river
1519 2641 1574 2684 of
1627 2642 1839 2695 Mesopo-

1034 2699 1192 2754 tamia,
1240 2699 1388 2743 which
1429 2699 1540 2743 rises
1580 2714 1638 2744 on
1678 2709 1841 2743 mount

1031 2759 1208 2802 Taurus
1239 2759 1286 2802 in
1328 2759 1564 2813 Armenia,
1597 2759 1721 2816 joins
1763 2758 1841 2798 the

1033 2817 1183 2874 Tigris
1199 2816 1407 2861 between
1427 2818 1604 2876 Bagdat
1625 2819 1713 2861 and
1737 2816 1839 2859 Bal-

1037 2890 1152 2929 sora,
1172 2876 1261 2920 and
1296 2876 1422 2921 flows
1458 2879 1567 2923 with
1590 2879 1625 2921 it
1648 2878 1741 2921 into
1766 2875 1841 2918 the

1036 2934 1223 2981 Persian
1244 2935 1351 2998 gulfi
