1934 3248
112 153 161 190 16
617 149 910 194 EUTROPH
944 151 1242 199 HISTORIAE

176 266 375 317 Verum
403 267 617 337 dignitas
637 269 955 321 tribunorum
982 271 1272 322 militarium
1314 289 1413 321 non
1459 269 1544 321 diu
1583 290 1751 339 perse-

104 340 326 400 veravit3
367 357 484 390 nam
534 352 647 408 post
697 343 1012 410 aliquantum
1063 346 1226 393 nullos
1269 343 1454 411 placuit
1500 344 1641 404 fieri;
1699 359 1748 395 et

105 410 492 477 quadriennium
526 414 593 463 ita
621 416 671 463 in
701 415 821 465 urbe
850 415 1012 476 fluxit,
1035 429 1090 466 ut
1119 430 1387 482 potestates
1423 415 1490 465 ibi
1535 417 1747 485 majores

105 501 206 532 non
232 495 413 535 essent.
490 479 899 568 Resumpserunt
924 501 1091 538 tamen
1126 489 1311 539 tribuni
1351 488 1588 539 militares
1626 506 1748 538 con-

105 556 255 606 sulari
290 568 538 624 potestate
583 559 764 608 iterum
805 560 1122 624 difrnitatem,
1149 574 1196 611 et
1223 561 1438 611 triennio
1466 579 1750 630 persevera-

105 641 299 678 verunt.
376 629 575 680 Rursus
602 633 833 681 consules
853 631 990 682 facti.

176 700 338 750 Lucio
367 700 603 752 Genucio
629 717 678 752 et
707 704 905 755 Ouinto
930 704 1138 755 Servilio
1169 661 1479 765 consulibus,
1518 720 1749 755 mortuus

105 788 179 823 est
207 772 487 828 Camillus:
527 774 688 826 honor
715 778 759 826 ei
782 778 1032 827 secundus
1071 790 1183 844 post
1223 777 1510 827 Romulum
1555 778 1748 827 delatus

108 857 198 894 est.

175 916 327 968 Titus
357 919 604 987 Quintius
645 919 859 969 dictator
902 920 1138 969 adversus
1183 919 1384 980 Gallos,
1430 919 1517 987 qui
1561 921 1612 969 in
1652 920 1748 970 Ita-

106 990 222 1038 liam
261 1002 519 1051 venerant,
558 991 740 1041 missus
782 1005 873 1042 est.
949 992 1022 1041 Hi
1055 992 1116 1041 ab
1153 992 1274 1042 urbe
1296 1006 1474 1059 quarto
1519 992 1751 1043 milliario

108 1078 240 1111 trans
269 1063 521 1113 Anienem
548 1063 758 1113 fluvium
786 1065 1130 1114 consederant.
1205 1065 1567 1116 Nobilissimus
1594 1066 1655 1114 de
1677 1079 1754 1115 se-

106 1135 364 1185 natoribus
397 1135 549 1188 Titus
589 1136 835 1197 Manlius,
862 1151 1221 1204 provocantem
1251 1137 1463 1188 Gallum
1491 1138 1553 1187 ad
1580 1138 1753 1207 singu-

106 1208 207 1257 lare
234 1221 487 1258 certamen
526 1226 842 1277 congressus,
882 1210 1103 1271 occidit;
1143 1223 1209 1271 et,
1238 1209 1432 1260 sublato
1454 1222 1633 1277 torque
1662 1226 1754 1259 au-

107 1298 211 1342 reo,
238 1282 469 1347 colloque
497 1297 588 1331 suo
630 1282 888 1349 imposito,
931 1283 980 1331 in
1026 1295 1328 1349 perpetuum
1365 1283 1616 1350 Torquati
1660 1282 1755 1334 sibi

108 1365 157 1402 et
184 1353 395 1419 posteris
419 1371 700 1421 cognomen
729 1355 938 1423 accepit.
1004 1355 1145 1404 Galli
1167 1354 1329 1424 fugati
1356 1367 1503 1406 sunt:
1531 1373 1647 1405 mox
1665 1372 1755 1423 per

109 1425 293 1475 Caium
342 1426 627 1493 Sulpicium
675 1427 972 1478 dictatorem
1023 1427 1174 1477 etiam
1217 1428 1352 1478 victi.
1427 1427 1551 1477 Non
1588 1426 1755 1478 multo

107 1497 226 1564 post
251 1516 278 1547 a
307 1497 430 1548 Caio
453 1499 650 1550 Marcio
675 1500 872 1551 Thusci
897 1499 1016 1550 victi
1043 1512 1189 1552 sunt:
1229 1514 1422 1569 septem
1450 1499 1604 1551 millia
1637 1517 1754 1569 cap-

109 1572 330 1621 tivorum
356 1589 415 1632 ex
443 1570 520 1621 his
549 1572 599 1621 in
625 1572 942 1640 triumphum
967 1572 1123 1623 ducti.

183 1644 380 1694 Census
407 1645 589 1694 iterum
617 1644 818 1696 habitus
844 1657 948 1696 est:
988 1658 1037 1695 et
1063 1644 1182 1695 cum
1225 1643 1412 1708 Latini,
1449 1645 1538 1713 qui
1580 1663 1606 1695 a
1647 1645 1757 1696 Ro-

111 1717 272 1766 manis
300 1717 492 1767 subacti
522 1731 681 1779 erant,
706 1719 890 1768 milites
917 1730 1152 1785 praestare
1180 1718 1390 1778 nollent,
1416 1735 1476 1767 ex
1507 1718 1757 1769 Romanis

57 1789 312 1853 „tantum
337 1790 523 1840 tirones
558 1790 674 1841 lecti
708 1804 844 1852 sunt,
884 1790 1132 1858 factaeque
1171 1790 1392 1858 legiones
1434 1791 1630 1849 decern,
1668 1791 1758 1858 qui

114 1863 296 1912 modus
347 1863 603 1931 sexaginta
652 1864 731 1913 vel
769 1862 989 1930 amplius
1027 1875 1334 1914 armatorum
1377 1863 1533 1914 millia
1573 1843 1757 1914 efficie-

113 1934 228 1990 bat:
267 1936 432 2001 parvis
459 1935 622 1986 adhuc
650 1936 897 1987 Romanis
919 1937 1087 1997 rebus,
1115 1948 1251 1986 tanta
1277 1950 1446 1986 tamen
1472 1936 1523 1985 in
1549 1953 1600 1985 re
1627 1936 1760 1986 mili-

116 2007 207 2057 tari
232 2009 390 2058 virtus
418 2021 540 2060 erat.
617 2009 750 2077 Quae
775 2008 895 2060 cum
923 2010 1162 2076 profectae
1189 2021 1354 2059 essent
1380 2010 1615 2059 adversus
1635 2009 1760 2059 Gal-

116 2082 209 2142 los,
235 2081 364 2132 duce
392 2081 555 2132 Lucio
581 2081 734 2132 Furio
774 2081 1009 2144 Camillo,
1049 2082 1257 2149 quidam
1294 2098 1355 2132 ex
1397 2081 1560 2132 Gallis
1599 2099 1759 2132 unum

176 2246 460 2302 Aliquantum,
511 2249 703 2303 temporis
752 2248 914 2292 under·
973 2263 1061 2290 men
1104 2248 1302 2304 Torquati
1335 2250 1410 2293 sibi
1442 2257 1482 2293 et
1508 2250 1688 2304 posteris
1720 2251 1763 2292 in

120 2305 261 2347 stood.
965 2315 1216 2362 perpetuum
1237 2317 1430 2361 tempus.

180 2364 319 2416 Facti,
338 2371 430 2406 sunt
452 2362 738 2408 understood.
1036 2366 1249 2422 Torquati,
1286 2367 1617 2425 ofTorquatus,
1649 2366 1762 2410 from

180 2423 393 2478 Anienem,
431 2423 508 2466 the
544 2423 658 2467 river
695 2425 815 2468 Anio
865 2440 913 2468 or
971 2425 1047 2467 the
1069 2424 1287 2480 adjective
1309 2433 1533 2482 torquatus.

119 2481 286 2525 Anien.
1037 2482 1161 2534 Victi,
1182 2491 1278 2526 sunt
1297 2485 1581 2529 understood.

182 2540 462 2583 Nobilissimus
483 2543 554 2591 ᾇέ.
580 2540 655 2582 the
687 2549 915 2584 construc—
1032 2540 1118 2588 Qui
1140 2545 1291 2594 modus,
1314 2543 1459 2585 which
1480 2541 1685 2585 number.

122 2597 241 2647 ti0n3
278 2599 392 2640 Tilus
415 2601 617 2649 Manlius,
648 2600 915 2644 nobilissimus
1031 2602 1183 2644 Parvis
1240 2603 1369 2644 adhuc
1416 2605 1486 2653 ᾀο.
1535 2602 1611 2644 the
1660 2614 1765 2643 con-

123 2658 170 2698 de
185 2658 453 2710 senatoribus,
474 2673 709 2714 congressus
728 2659 913 2712 Gallum,
973 2659 1217 2710 strueti0n3
1261 2661 1459 2703 Romanis
1492 2661 1607 2703 rebus
1633 2660 1764 2701 adhuc

120 2729 262 2756 unum
326 2715 574 2769 Gallorum,
630 2725 915 2784 provocantem
969 2720 1129 2774 parvis,
1170 2726 1303 2760 tamen
1344 2724 1463 2760 tanta
1505 2726 1593 2760 erac
1628 2721 1767 2761 virtus

123 2772 318 2830 aliquem
342 2774 650 2816 Romanorum
682 2779 736 2818 ad
772 2777 832 2818 sir
835 2793 917 2834 gu·
976 2778 1282 2819 Romanorum
1307 2777 1348 2818 in
1363 2777 1534 2819 militari
1553 2791 1612 2819 re.

125 2831 211 2873 lare
257 2838 475 2881 certamen,
527 2834 669 2876 occidit
715 2849 834 2887 enm,
877 2844 917 2878 et
1036 2835 1101 2877 Re
1121 2835 1304 2883 militari,
1325 2849 1425 2879 war.

125 2904 247 2932 aureo
269 2896 415 2946 torque
435 2891 594 2934 sublato
615 2906 638 2934 e
675 2892 809 2935 Gallo
842 2896 915 2935 im·
1033 2893 1149 2942 Quoe,
1171 2893 1346 2949 legiones
1367 2892 1652 2936 understood.

123 2950 332 3003 positoque
351 2964 420 2992 suo
440 2950 555 3007 collo,
579 2954 737 3009 accepit
767 2967 914 3008 cogno·
1041 2952 1171 3004 Duce,
1194 2951 1325 3009 being
1349 2951 1460 2995 their
1482 2951 1678 3010 general.
