1934 3248
155 174 211 213 76
648 174 915 219 EUTROPI
921 175 942 217 Ι
987 175 1294 221 HISTORIAE

153 291 408 378 praecipue
434 293 657 362 ingluvie
680 306 729 345 et
755 295 1047 357 voracitate,
1073 296 1262 365 quippe
1287 313 1407 348 cum
1447 297 1510 348 de
1548 298 1630 349 die
1667 316 1802 369 saepe

153 364 334 431 quarto
361 367 438 416 vel
465 366 644 434 quinto
663 367 852 419 feratur
868 370 1116 436 epulatus.
1191 370 1472 420 Notissima
1496 369 1632 421 certe
1658 389 1806 423 coena

126 439 409 488 ·memoriae
437 442 670 490 mandata
696 454 790 502 est,
813 459 967 508 quam
1006 442 1051 491 ei
1087 441 1330 493 Vitellius
1364 442 1518 493 frater
1556 443 1803 505 exhibuit,

149 509 201 558 in
240 527 358 592 qua,
397 528 548 579 super
587 525 794 563 caeteros
821 525 1072 582 sumptus,
1099 515 1202 564 duo
1230 515 1385 565 millia
1425 516 1660 584 piscium,
1685 533 1798 586 sep-

148 594 250 632 tem
279 584 446 633 avium
474 585 630 635 millia
657 587 881 652 apposita
908 587 1192 636 traduntur.

219 654 342 716 Hic,
374 675 494 707 cum
532 657 730 707 Neroni
757 659 932 708 similis
957 676 1064 709 esse
1090 660 1259 719 vellet,
1287 669 1439 726 atque
1464 659 1514 708 id
1540 658 1667 710 adeo
1695 677 1798 728 prae

147 744 200 778 se
234 727 403 789 ferret,
433 741 486 780 ut
529 731 680 779 etiam
715 731 953 798 exequias
989 730 1230 792 Neronis,
1269 749 1383 798 quae
1418 730 1676 782 humiliter
1721 749 1796 783 se-

145 801 301 866 pultae
340 800 560 863 fuerant,
595 803 884 865 honoraret,
922 822 949 853 a
986 803 1287 871 Vespasiani
1330 804 1544 855 ducibus
1600 804 1797 856 occisus

144 885 237 931 est,
264 873 530 925 interfecto
557 873 696 941 prius
721 875 929 937 SabinO,
953 876 1256 942 Vespasiani
1281 875 1597 944 imperatoris
1623 876 1796 939 fratre,

145 963 297 1011 quem
325 963 443 996 cum
470 948 706 1014 capitolio
733 948 973 1000 incendit.
1049 948 1354 999 Interfectus
1382 962 1571 1008 autem,
1599 962 1649 999 et
1676 966 1799 1001 cum

142 1035 328 1087 magno
356 1019 600 1070 dedecore
616 1033 804 1072 tractus
821 1039 909 1088 per
924 1020 1101 1072 urbem
1130 1022 1354 1072 Romam
1379 1021 1580 1089 publice
1608 1022 1797 1084 nudus,

142 1089 307 1143 erect'a
332 1091 477 1142 corna
503 1104 553 1141 et
592 1095 774 1160 capite,
808 1094 1037 1164 subjecto
1075 1096 1137 1144 ad
1175 1106 1406 1148 mentum
1445 1095 1631 1163 gladie,
1671 1107 1796 1145 ster-

140 1180 257 1213 core
300 1165 352 1213 in
393 1166 591 1215 vultum
637 1179 686 1216 et
725 1179 902 1234 pectus
954 1166 1015 1217 ab
1055 1167 1291 1218 omnibus
1315 1166 1475 1217 obviis
1500 1169 1794 1234 appetitus;

139 1236 398 1302 postremo
422 1239 705 1307 jugulatus,
730 1250 779 1289 et
820 1240 872 1289 in
909 1239 1139 1290 Tiberim
1178 1240 1424 1308 dejectus,
1465 1241 1615 1290 etiam
1653 1257 1793 1291 com,-

138 1310 282 1359 muni
309 1313 469 1360 caruit
496 1309 768 1393 sepultura.
843 1311 1000 1362 Periit
1025 1326 1194 1363 autem
1221 1313 1382 1363 aetatis
1410 1330 1541 1363 anno
1578 1314 1792 1380 septimo

138 1397 188 1431 et
214 1383 654 1451 quinquagesimO,
682 1385 880 1452 imperii
905 1402 1079 1435 mense
1104 1397 1282 1436 octavo
1306 1397 1356 1435 et
1383 1385 1462 1435 die
1491 1402 1610 1434 uno,

206 1455 553 1522 Vespasianus
603 1456 723 1508 huic
774 1460 1033 1519 successit,
1082 1457 1246 1509 factus
1291 1458 1425 1525 apud
1469 1456 1791 1508 Palaestinam

133 1527 422 1595 imperator,
474 1530 707 1596 princeps
755 1529 970 1581 obscure
1015 1531 1223 1598 quidem
1265 1544 1412 1581 natus
1454 1533 1542 1580 sed
1586 1529 1792 1598 optimis

133 1602 521 1667 comparandus,
559 1600 750 1669 privat'a
775 1602 877 1654 vita
902 1604 1143 1666 illustris;
1189 1616 1245 1654 ut
1287 1604 1376 1671 qui
1413 1621 1441 1653 a
1480 1603 1697 1654 Claudio
1734 1603 1789 1652 in

136 1673 486 1735 Germaniam,
514 1677 696 1725 deinde
737 1676 788 1725 in
827 1676 1143 1728 Britanniam
1183 1675 1386 1738 missus,
1412 1676 1579 1727 tricies
1619 1689 1669 1726 et
1711 1675 1789 1726 bis

131 1764 252 1797 cum
279 1746 423 1797 hoste
461 1747 777 1810 conflixerit3
828 1750 952 1800 duas
996 1749 1323 1799 validissimas
1368 1761 1564 1817 gentes,
1606 1747 1793 1818 viginti

131 1821 336 1886 oppida,
376 1821 593 1870 insulam
643 1821 882 1883 Vectam,
920 1822 1194 1873 britanniae
1231 1822 1533 1904 proximam,
1570 1820 1793 1889 imperio«
1895 1853 1898 1855 Δ

132 1892 373 1942 Romano
401 1894 655 1961 adjecerit.
730 1894 916 1945 Romae
943 1912 996 1945 se
1037 1896 1089 1945 in
1133 1894 1346 1961 imperio
1384 1891 1785 1945 moderatissime

129 1966 320 2031 gessit3
361 1966 589 2032 pecuniae
615 1978 784 2016 tamen
818 1967 1010 2018 avidior
1051 1967 1169 2028 fuit,
1196 1967 1263 2017 ita
1302 1979 1359 2017 ut
1395 1985 1506 2017 eam
1545 1967 1672 2017 nulli
1708 1967 1786 2016 in-

125 2037 263 2106 juste
319 2037 558 2099 auferret,
621 2057 774 2107 quam
823 2058 943 2090 cum
991 2041 1131 2091 omni
1181 2039 1453 2108 diligentiae
1499 2039 1784 2107 provisione

129 2112 405 2179 colligeret,
435 2125 603 2162 tamen
631 2110 995 2163 studiosissime
1021 2111 1343 2181 largiebatur,
1370 2111 1623 2180 praecipue
1650 2112 1779 2163 indi-

127 2183 403 2252 gentibu83
444 2202 536 2234 nec
580 2183 726 2235 facile
772 2197 887 2236 ante
932 2203 1050 2236 eum
1083 2186 1387 2255 qu'usquam
1421 2186 1663 2254 principis
1699 2185 1780 2234 vel

128 2258 291 2327 major
315 2271 390 2309 est
434 2258 702 2309 liberalitas
750 2271 1009 2327 comperta
1046 2260 1125 2310 vel
1159 2259 1373 2328 justior:
1426 2258 1778 2326 placidissimae
1814 2294 1817 2296 -

125 2510 206 2536 coi
215 2494 424 2549 sulships.
506 2494 655 2536 Ἇὶῑει]
697 2508 722 2535 a
762 2493 919 2537 consul
1040 2496 1113 2538 Fe
1127 2503 1189 2538 ret
1212 2497 1341 2550 Meg-,c
1363 2495 1510 2539 aimed
1541 2510 1590 2538 so
1612 2496 1776 2554 openly

125 2569 161 2593 w
169 2568 215 2594 is
249 2553 418 2595 elected
453 2563 498 2594 at
534 2554 610 2595 tbe
644 2567 694 2594 us
700 2552 773 2596 ual
796 2554 921 2606 time,
981 2562 1026 2597 at
1049 2554 1157 2596 mis.

124 2612 211 2654 and
249 2626 326 2652 not
362 2626 415 2664 ag
424 2611 601 2664 pointed
627 2619 671 2653 to
695 2614 772 2653 the
793 2612 922 2654 office
1039 2613 1370 2667 δεενςονελγάςΐο
1389 2611 1676 2656 understood.

122 2671 166 2712 in
212 2670 286 2712 the
328 2670 494 2711 middle
529 2671 580 2712 ot
608 2670 683 2711 tbe
725 2684 829 2725 year
870 2679 915 2712 to
1038 2670 1219 2723 Vectam,
1245 2672 1383 2712 Vecta
1404 2685 1452 2713 or
1483 2672 1646 2726 Vectis,
1671 2685 1770 2714 now

122 2728 282 2785 supply
321 2729 396 2769 the
432 2728 554 2783 place
589 2728 639 2769 of
656 2743 680 2769 a
703 2728 916 2770 deceased
976 2729 1116 2772 called
1142 2729 1216 2770 the
1238 2729 1326 2771 Isle
1349 2729 1399 2771 of
1417 2729 1583 2785 Wight.

120 2788 294 2840 consul,
310 2787 647 2841 hiscrmsulship
667 2801 754 2830 was
771 2786 916 2844 styled
1034 2787 1340 2840 Placidus-imae,
1361 2787 1481 2831 viris
1503 2787 1772 2832 understood

120 2846 360 2888 ordinarius
382 2846 625 2887 consulatus.
976 2844 1126 2889 before
1146 2845 1238 2888 this
1259 2845 1394 2889 word.

184 2905 256 2948 De
278 2904 356 2956 die,
378 2903 424 2945 in
449 2905 522 2946 the
545 2904 647 2960 day.
