1934 3248
188 136 242 174 72
705 131 995 200 EUTnoPn
1031 134 1339 176 HiSToRIAE

183 251 318 317 ipsos
345 267 548 316 quoque
575 263 710 301 trans
741 251 916 301 Albim
945 251 1156 303 fluvium
1184 252 1457 315 submovit,
1485 253 1571 319 qui
1615 253 1666 302 in
1709 251 1832 302 Bar-

186 321 354 372 barico
381 319 531 390 longe
559 324 686 372 ultra
728 323 973 373 Rhenum
1008 339 1113 375 est:
1165 325 1261 375 hoc
1307 338 1475 374 tamen
1516 325 1702 374 bellum
1747 343 1835 391 per

187 393 440 454 Drusum,
466 396 752 464 privignum
779 414 948 454 suum,
975 397 1357 457 administravit,
1384 399 1514 448 sicut
1535 414 1622 462 per
1647 397 1831 465 privig-

186 484 312 519 num
337 466 604 517 Tiberium
633 470 845 518 alterum
887 467 1259 529 Pannonicum,
1301 487 1404 536 quo
1441 469 1572 519 bello
1612 480 1836 520 trecenta

185 539 342 589 millia
368 540 683 605 captivorum
712 558 772 589 ex
802 539 1078 590 Germania
1103 543 1376 602 transtulit,
1403 555 1452 590 et
1486 559 1634 608 super
1674 541 1834 608 ripam

184 611 360 661 Rheni
387 612 436 660 in
467 612 636 662 Gallia
667 613 946 662 collocavit.
1026 614 1323 662 Armeniam
1351 632 1377 662 a
1403 613 1602 664 Parthis
1627 613 1834 680 recepit.

184 683 424 745 Obsides,
467 684 604 751 quod
643 684 768 733 nulli
807 699 970 745 antea,
1006 684 1174 736 Persae
1213 686 1259 734 ei
1297 686 1565 735 dederunt.
1642 685 1837 736 Reddi-

188 758 372 807 derunt
400 756 552 805 etiam
579 757 721 825 signa
749 756 1003 816 Romana,
1031 776 1145 822 quae
1173 756 1357 808 Crasso
1381 758 1516 808 victo
1533 759 1839 807 ademerant.

188 828 393 898 Scythae
415 840 462 877 et
491 828 624 889 Indi,
652 830 836 896 quibus
865 843 1008 879 antea
1027 829 1380 884 Romanorum
1409 847 1595 880 nomen
1612 829 1840 897 incogni-

186 914 298 952 tum
323 900 509 961 fuerat,
537 919 745 952 munera
772 914 821 951 et
847 903 1037 969 legatos
1062 904 1121 952 ad
1140 921 1257 952 eum
1276 903 1536 952 miserunt.
1638 901 1838 969 Galatia

188 991 394 1040 quoque
421 973 514 1023 sub
555 971 656 1024 hoc
700 975 955 1040 provincia
997 974 1129 1025 facta
1169 990 1263 1033 est,
1289 974 1409 1025 cum
1447 987 1591 1025 antea
1629 991 1844 1044 regnum

189 1046 388 1105 fuisset,
423 1046 718 1114 primusque
746 1065 855 1095 eam
884 1047 1093 1097 Marcus
1131 1047 1325 1098 Lollius
1373 1066 1463 1115 pro
1504 1058 1716 1115 praetore
1754 1046 1843 1096 ad-

191 1118 508 1169 ministravit.
585 1120 755 1168 Tanto
777 1135 945 1169 autem
965 1137 1132 1170 amore
1153 1121 1308 1169 etiam
1325 1121 1456 1188 apud
1474 1120 1708 1170 barbaros
1725 1117 1843 1179 fuit,

190 1203 248 1242 ut
274 1208 439 1259 reges,
466 1193 642 1258 populi
663 1191 888 1241 Romani
912 1194 1082 1252 amici,
1103 1194 1153 1242 in
1175 1192 1419 1243 honorem
1437 1194 1546 1262 ejus
1567 1193 1842 1261 conderent

195 1263 441 1323 civitates,
465 1281 587 1330 quas
615 1263 870 1314 Caesareas
898 1265 1235 1327 nominarent,
1263 1265 1391 1315 sicut
1416 1267 1467 1315 in
1486 1262 1793 1314 Mauritania
1818 1282 1845 1312 a

191 1352 311 1404 rege
337 1334 485 1395 Iuba,
513 1350 562 1386 et
589 1336 641 1386 in
667 1335 953 1397 Palaestina,
980 1355 1094 1403 quae
1134 1356 1268 1388 nunc
1309 1350 1383 1388 est
1411 1336 1529 1387 urbs
1556 1337 1846 1388 clarissima.

193 1408 353 1460 Multi
378 1422 548 1458 autem
584 1426 726 1476 reges
754 1428 814 1458 ex
842 1410 1008 1477 regnis
1037 1410 1139 1459 suis
1167 1423 1428 1471 venerunt,
1457 1423 1506 1460 et
1534 1409 1712 1460 habitu
1737 1409 1847 1459 Ro-

194 1498 364 1542 mano,
392 1482 550 1549 togati
578 1482 787 1541 scilicet,
813 1483 873 1531 ad
898 1483 1189 1532 vehiculum
1219 1484 1298 1533 vel
1337 1499 1527 1550 equum
1566 1482 1721 1549 ipsius
1758 1499 1847 1531 cu-

195 1568 479 1604 currerunt.
555 1554 785 1604 Moriens
804 1555 947 1605 divus
976 1556 1255 1622 appellatus
1283 1567 1374 1605 est.
1452 1554 1847 1621 Rempublicam

194 1626 539 1678 beatissimam
561 1627 769 1676 Tiberio
789 1630 1065 1677 successori
1087 1628 1308 1693 reliquit,
1331 1627 1418 1695 qui
1435 1627 1695 1696 privignus
1720 1627 1851 1697 ejus,

196 1715 317 1749 mox
346 1716 517 1766 gener,
546 1698 803 1766 postremo
834 1701 1102 1766 adoptione
1133 1700 1266 1750 filius
1292 1700 1476 1750 fuerat.

266 1771 504 1821 Tiberius
528 1771 719 1840 ingenti
747 1771 976 1822 socordia
1000 1773 1269 1839 imperium
1288 1773 1458 1841 gessit,
1479 1770 1614 1839 gravi
1637 1768 1853 1820 crudeli-

200 1855 319 1904 tate,
347 1841 557 1895 scelesta
582 1842 805 1904 avaritia,
835 1846 968 1911 turpi
1007 1845 1251 1905 libidine3
1291 1862 1408 1894 nam
1449 1860 1702 1910 nusquam
1746 1842 1852 1909 ipse

197 1917 442 1987 pugnavit
463 1937 477 1978 3
516 1916 645 1967 bella
663 1936 749 1985 per
777 1919 971 1986 legatos
993 1934 1110 1968 suos
1130 1918 1286 1988 gessit
1311 1937 1323 1968 :
1350 1917 1596 1985 quosdam
1616 1932 1775 1984 regeS,
1792 1914 1853 1965 ad

259 2148 411 2200 Albim,
453 2147 530 2190 the
567 2146 714 2199 Albis,
748 2160 773 2188 a
810 2146 925 2189 river
959 2144 1011 2188 of

203 2207 436 2260 Germany
465 2221 562 2247 now
587 2206 729 2248 called
756 2206 830 2247 the
854 2206 982 2248 El'ne.

263 2266 506 2317 Barbarie-0,
535 2264 609 2306 the
633 2276 821 2319 country
843 2263 896 2305 of
927 2265 1006 2305 tue

205 2323 481 2368 barbarizans.

264 2383 567 2434 Pannonicum,
631 2380 779 2423 bellum
844 2378 1007 2422 under-

203 2441 351 2485 stood.

260 2498 564 2599 Βὲάίίἱᾱεναηί,
627 2497 780 2540 Parclzi
847 2495 1009 2540 under-

204 2567 303 2601 StOO
341 2590 349 2599 .

261 2617 431 2671 Scyclzae,
483 2614 560 2656 the
622 2611 876 2666 Scythians,
928 2611 1005 2654 the

202 2674 482 2717 inlnaoitants
554 2671 607 2714 of
677 2672 874 2725 Scythia,
946 2686 1004 2714 an

200 2732 384 2775 ancient
445 2740 634 2785 country
686 2729 739 2771 of
783 2729 1005 2772 immense

201 2800 369 2842 extent,
449 2786 837 2843 comprehending
926 2789 1004 2830 the

201 2849 389 2895 modern
434 2846 677 2906 kingdoms
717 2845 769 2889 of
802 2846 1004 2904 Tartary‚

1064 2146 1251 2198 Siberis,
1284 2145 1446 2189 Russia
1488 2146 1531 2188 in
1573 2146 1698 2199 Asia,
1731 2145 1858 2188 Mus-

1065 2219 1191 2259 covy,
1223 2206 1407 2257 polana,
1427 2203 1629 2256 Sweden,
1652 2206 1860 2259 Norway‚

1065 2263 1154 2306 and
1190 2277 1215 2306 a
1250 2274 1346 2319 part
1380 2265 1431 2305 of
1459 2263 1703 2317 Germ-any.
1761 2262 1858 2304 The

1066 2322 1304 2377 Scythians
1329 2337 1439 2363 were
1469 2334 1496 2363 a
1519 2322 1673 2376 hardy,
1695 2330 1862 2377 tempe-

1066 2392 1176 2434 rate,
1227 2380 1314 2422 and
1366 2381 1583 2429 virtuous,
1625 2379 1796 2436 though
1836 2389 1863 2420 a

1069 2438 1326 2496 wandering
1356 2438 1443 2481 and
1481 2436 1741 2481 unclvilized
1763 2450 1865 2494 peo-

1104 2498 1155 2538 le.
1490 2525 1492 2528 -

1069 2510 1095 2553 p
1128 2555 1243 2607 Indi,
1270 2554 1346 2597 the
1369 2553 1568 2607 Indians,
1592 2555 1666 2596 the
1688 2551 1866 2595 inhabi-

1065 2621 1185 2655 tants·
1206 2615 1256 2656 υἱ
1277 2614 1418 2662 India,
1435 2627 1460 2655 a
1482 2613 1802 2670 largecountry
1817 2610 1869 2653 of

1065 2672 1187 2723 Asia,
1212 2686 1310 2712 now
1330 2671 1468 2713 called
1495 2672 1764 2714 Hindostan.

1128 2730 1261 2773 Tanto
1310 2744 1458 2783 umore,
1506 2743 1564 2786 sov
1606 2728 1741 2773 much
1789 2726 1865 2770 be-

1065 2786 1216 2832 loved.
1549 2787 1574 2806 ‘³

1123 2844 1371 2900 Palaestimi,
1381 2845 1625 2898 palestine,
1638 2859 1684 2889 or
1699 2844 1726 2889 J
1731 2842 1871 2893 udaea.
