1934 3248
203 159 262 198 50
701 160 990 204 EUTROPII
1039 161 1342 205 ms‘sORIAE

203 290 280 329 est
302 272 484 338 factuS,
509 277 804 347 bellumque
831 281 875 331 ei
911 295 1084 332 contra
1123 282 1360 333 Cimbros
1401 295 1449 333 et
1475 282 1736 334 Teutones
1761 283 1846 334 de-

204 363 398 402 cretum
426 363 517 402 est.
592 350 772 402 Tertio
800 371 1003 420 quoque
1031 355 1075 404 ei
1114 368 1163 405 et
1197 354 1376 422 quarto
1405 357 1598 407 delatus
1625 368 1700 406 est
1724 373 1845 406 con-

203 425 417 484 sulatus,
445 424 562 490 quia
601 424 731 475 bella
761 443 879 475 cum
907 426 1127 477 Cimbris
1171 428 1623 493 protrahebantur3
1663 429 1751 478 sed
1793 428 1847 477 in

203 511 384 562 quarto
433 498 697 547 consulatu
747 500 992 566 collegam
1031 498 1205 548 habuit
1257 501 1512 568 Quintum
1550 501 1847 551 Luctatium

202 568 463 619 Catulum.
540 569 674 619 Cum
701 569 920 620 Cimbris
951 571 1120 637 itaque
1146 572 1389 632 conflixit,
1417 586 1467 623 et
1494 575 1692 623 duobus
1717 588 1848 640 prae-

201 641 280 691 liis
308 643 525 692 ducenta
554 642 707 690 millia
743 643 875 709 cepit
910 655 977 704 et,
1006 645 1185 693 ducem
1214 661 1409 706 eorum,
1450 645 1847 704 Teutobodum3

201 727 406 780 propter
434 715 569 780 quod
597 713 854 774 meritum,
882 715 1058 765 absens
1092 714 1327 783 quintum
1360 720 1538 768 consul
1564 729 1638 768 est
1664 717 1845 768 factus.

274 786 469 836 Interea
509 785 705 836 Cimbri
731 800 780 837 et
815 787 1095 847 Teutones,
1130 807 1346 856 quorum
1373 791 1515 856 copia
1541 789 1704 840 adhuc
1731 788 1845 839 infi-

197 859 303 908 nita
327 871 449 917 erat,
471 859 532 907 ad
554 859 750 908 Italiam
782 860 1100 910 transierunt.
1176 862 1367 911 Iterum
1395 880 1421 911 a
1449 862 1574 912 Caio
1602 861 1770 912 Mario
1796 872 1847 910 et

201 931 401 999 Quinto
429 930 616 981 Catulo
638 944 809 982 contra
827 950 912 982 eos
933 934 1227 983 dimicatum
1246 946 1340 995 est,
1362 938 1447 984 sed
1469 954 1496 985 a
1520 933 1690 984 Catuli
1708 945 1848 1002 parte

193 1003 428 1071 felicius3
469 1021 586 1053 nam
619 1022 679 1054 eo
709 1006 902 1070 praelio,
930 1007 1067 1072 quod
1086 1007 1234 1055 simul
1257 1007 1406 1057 ambo
1427 1020 1708 1076 gesserunt,
1729 1023 1845 1057 cen-

198 1088 308 1125 tum
338 1077 667 1144 quadraginta
688 1077 844 1126 millia
863 1090 949 1128 aut
966 1080 1012 1126 in
1043 1078 1213 1146 pugna
1241 1091 1325 1148 aut
1347 1081 1395 1128 in
1416 1078 1539 1149 fug'a
1556 1097 1683 1130 caesa
1711 1090 1847 1139 sunt,

196 1161 246 1198 et
273 1149 529 1218 sexaginta
551 1150 706 1198 millia
734 1162 892 1217 capta.
969 1151 1192 1200 Romani
1221 1153 1402 1202 milites
1429 1172 1489 1202 ex
1518 1166 1732 1220 utroque
1758 1170 1846 1201 ex-

197 1222 357 1272 ercitu
402 1222 612 1272 trecenti
656 1218 928 1288 perierunt.
1003 1223 1124 1272 Tria
1151 1237 1200 1272 et
1228 1225 1429 1292 triginta
1457 1227 1597 1294 signa
1624 1223 1846 1279 Cimbris

198 1292 392 1343 sublata
418 1308 569 1356 sunt3
609 1312 669 1343 ex
687 1294 764 1344 his
785 1295 1032 1345 exercitus
1061 1297 1211 1345 Marii
1239 1298 1340 1346 duo
1367 1297 1654 1365 reportavit,
1676 1295 1846 1347 Catuli

197 1367 445 1417 exercitus
471 1367 674 1436 triginta
700 1380 749 1416 et
778 1380 953 1418 unum.
1029 1368 1076 1418 Is
1103 1368 1220 1418 belli
1249 1368 1363 1419 finis
1389 1370 1516 1422 fuit:
1556 1369 1844 1438 triumphus

196 1440 399 1506 utrique
427 1440 658 1489 decretus
685 1452 777 1490 est.

268 1511 425 1562 Sexto
453 1512 587 1563 Julio
614 1512 813 1562 Caesare
840 1524 887 1562 et
915 1512 1078 1563 Lucio
1118 1512 1316 1562 Marcio
1351 1512 1585 1580 Philippo
1629 1513 1848 1564 consuli-

197 1583 311 1645 bus,
338 1585 702 1635 sexcentesimo
732 1586 1152 1654 quinquagesimo
1174 1604 1309 1634 nono
1337 1603 1468 1634 anno
1495 1586 1555 1636 ab
1577 1587 1698 1635 urbe
1725 1604 1846 1636 con-

198 1654 320 1715 dit'a,
338 1655 458 1708 cum
486 1675 641 1724 prope
669 1659 762 1707 alia
782 1660 950 1708 omnia
976 1658 1105 1707 bella
1136 1656 1431 1719 cessassent,
1473 1659 1525 1707 in
1565 1657 1709 1708 Italia
1729 1676 1845 1727 gra-

196 1729 462 1780 vissimum
501 1730 690 1780 bellurn
732 1731 984 1792 Picentes,
1015 1731 1196 1792 Marsi,
1216 1730 1515 1799 Pelignique
1543 1743 1844 1781 moverunt:

198 1802 308 1869 qui,
341 1801 462 1852 cum
493 1804 635 1853 annis
657 1804 936 1854 numerosis
961 1805 1063 1872 jam
1086 1805 1275 1870 populo
1303 1803 1541 1853 Romano
1566 1803 1846 1863 obedirent,

197 1885 308 1924 turn
335 1875 618 1925 libertatem
645 1876 738 1925 sibi
777 1895 974 1943 aequam
1023 1894 1240 1926 asserere
1266 1888 1548 1943 coeperunt.
1623 1875 1848 1927 Pernici-

197 1965 345 1998 osum
372 1949 648 1999 admodum
674 1948 772 1999 hoc
803 1949 994 1999 bellum
1038 1949 1152 1999 fuit.
1226 1948 1439 1999 Publius
1467 1949 1697 1999 Rutilius
1724 1966 1844 2000 con-

198 2021 277 2069 sul
303 2021 354 2070 in
391 2039 451 2071 eo
492 2023 689 2072 occisus
715 2036 822 2081 est;
864 2022 1058 2090 Caepio,
1086 2021 1266 2071 nobilis
1288 2023 1525 2092 juveni53
1558 2034 1608 2072 et
1633 2021 1845 2074 Porcius

197 2092 348 2154 Cato,
375 2094 501 2143 alius
528 2096 721 2144 consul.
797 2094 973 2145 Duces
1003 2108 1170 2144 autern
1200 2095 1435 2145 adversus
1470 2095 1734 2145 Romahos
1758 2094 1847 2144 Pi:-

196 2167 428 2216 centibus
455 2178 504 2216 et
530 2166 715 2217 Marsis
742 2167 950 2218 fuerunt
977 2168 1125 2218 Titus
1144 2167 1366 2228 VietiuS,
1394 2166 1584 2217 Hierus
1613 2167 1843 2227 Asiniu8‚

194 2237 348 2288 Titus
392 2239 703 2300 Herennius,
752 2241 920 2291 Aulus
964 2240 1248 2291 Cluentius.
1326 2242 1374 2290 A
1429 2240 1676 2290 Romanis
1717 2240 1845 2290 bene

197 2323 372 2361 contra
399 2329 483 2362 eos
510 2326 792 2380 pugnatum
821 2328 895 2363 est
920 2332 947 2362 a
972 2313 1096 2363 Caio
1124 2313 1310 2372 Mario,
1354 2313 1442 2380 qui
1469 2313 1628 2362 sexies
1665 2314 1845 2363 consul

195 2384 380 2441 fuerat,
408 2396 456 2434 et
483 2404 510 2434 a
550 2385 709 2435 Cnaeo
734 2385 998 2453 Pompeio,
1025 2383 1244 2435 maxime
1270 2398 1436 2435 tamen
1464 2404 1491 2435 a
1525 2385 1688 2435 Lucio
1715 2384 1844 2436 Cor-

196 2457 329 2506 nelio
356 2455 514 2527 Sylla,
542 2458 630 2526 qui
650 2458 779 2508 inter
795 2459 887 2508 alia
914 2457 1046 2509 facta
1071 2459 1270 2526 egregia
1297 2458 1365 2507 ita
1393 2458 1708 2519 Cluentium,
1728 2457 1842 2508 hos-

194 2530 323 2578 tium
351 2532 555 2591 ducem,
575 2548 692 2581 cum
714 2533 908 2601 magnis
927 2532 1083 2599 copiis
1107 2530 1259 2592 fudit,
1279 2544 1334 2581 ut
1354 2549 1415 2581 ex
1444 2531 1545 2581 suis
1562 2548 1654 2581 nec
1683 2548 1841 2581 unum

251 2687 423 2739 Absens,
444 2685 663 2744 although
687 2687 848 2728 absent
871 2686 987 2729 from
1049 2686 1126 2728 the
1149 2685 1250 2728 lake
1273 2687 1470 2728 Fucinus
1503 2700 1554 2729 or
1589 2684 1758 2729 Celano
1795 2687 1840 2734 in

194 2745 353 2786 Rome.
1048 2745 1179 2797 Italy.

256 2803 446 2858 Utrique,
462 2802 618 2847 consuli
639 2802 927 2846 understood.
1107 2803 1295 2858 Peligni,
1328 2802 1404 2845 the
1438 2801 1719 2845 inhabitants
1741 2801 1794 2845 of
1814 2816 1840 2845 a

254 2863 407 2913 Marsi,
447 2876 472 2903 a
514 2860 686 2916 people,
719 2864 819 2903 who
859 2875 987 2904 came
1047 2872 1145 2918 part
1167 2861 1350 2917 ofItaly
1373 2875 1479 2905 near
1501 2861 1577 2904 the
1599 2860 1754 2905 Marsi.

191 2919 303 2962 from
329 2920 558 2976 Ger-many
582 2921 665 2962 and
693 2919 854 2963 settled
883 2934 987 2963 near
