1934 3248
207 97 264 136 58
716 98 1004 141 EUTROPH
1039 99 1340 143 HISTORIAE

205 214 418 275 tulisset,
446 227 519 277 ut,
548 216 742 286 Cyzico
768 232 933 287 capto,
961 231 1118 268 totam
1146 221 1321 270 Asiam
1357 221 1627 283 invaderet,
1654 223 1844 274 Lucul-

201 287 281 337 lus
307 288 352 336 ei
380 289 502 337 alter
527 291 703 340 consul
728 292 963 350 occurrit,
990 311 1045 342 at:
1073 294 1195 352 dum
1223 293 1545 344 Mithridates
1583 296 1634 344 in
1661 296 1844 347 obsidi-

200 375 297 408 one
323 358 502 428 Cyzici
528 377 941 423 commoraretur,
970 364 1074 430 ipse
1115 384 1141 412 a
1184 379 1325 434 tergo
1366 367 1580 427 obsedit,
1608 367 1842 435 fameque

198 433 532 499 consumpsit,
559 446 608 484 et
636 436 807 485 multis
836 437 1018 502 praeliis
1045 438 1196 488 vicit:
1237 452 1492 505 postremo
1520 440 1846 509 Byzantium,

195 520 311 570 quae
361 522 496 556 nunc
535 506 1000 574 Constantinopolis
1027 522 1120 568 est,
1146 509 1355 590 fugavit.
1430 512 1612 561 Navali
1639 530 1843 580 quoque

192 575 366 642 praelio
401 579 555 628 duces
582 579 690 647 ejus
721 580 967 630 Lucullus
997 583 1259 646 oppressit.
1334 583 1379 632 It
1385 602 1410 632 a
1437 603 1536 634 una
1573 584 1756 655 hyeme
1794 599 1844 635 et

190 660 363 699 aestate
389 669 416 699 a
443 650 660 700 Lucullo
688 654 747 701 ad
776 666 982 703 centum
1008 651 1114 703 fere
1140 655 1294 704 millia
1320 654 1587 706 hominum
1613 676 1673 707 ex
1701 671 1843 725 parte

191 722 323 790 regis
351 723 569 772 extincta
598 736 733 776 sunt.

265 796 419 844 Anno
447 795 584 846 urbis
622 795 806 847 Romae
851 798 1216 847 sexcentesimo
1251 784 1627 879 ..septuagesimo
1666 813 1844 851 octavo

187 864 548 917 Macedoniam
576 869 885 934 provinciam
912 870 1121 920 Marcus
1152 870 1210 919 Ι
1202 871 1379 919 icinius
1412 872 1661 922 Lucullus
1701 890 1844 923 acce

189 937 281 1005 pit,
307 940 637 990 consobrinus
671 941 894 1001 Luculli,
934 944 1021 1009 qui
1057 957 1230 993 contra
1271 943 1625 994 Mithridatem
1653 944 1845 995 bellum

189 1011 426 1078 gerebat:
466 1025 514 1062 et
541 1013 592 1062 in
620 1012 762 1063 ΙῖῑιΙὶΛι
790 1032 977 1064 novum
1005 1015 1193 1066 bellum
1222 1014 1390 1066 subito
1415 1029 1728 1068 commotum
1751 1029 1841 1068 est.

193 1083 471 1153 Octoginta
523 1086 658 1134 enim
709 1098 758 1135 et
809 1100 1027 1153 quatuor
1075 1088 1206 1155 gladi
1211 1100 1392 1149 atores,
1443 1089 1658 1140 ducibus
1695 1091 1846 1158 Spar·

192 1170 322 1220 tam,
353 1157 570 1227 Chryso,
598 1170 666 1219 et,
696 1158 976 1221 OEnomao,
1004 1161 1211 1211 effracto
1239 1160 1429 1228 Capuae
1472 1164 1611 1221 ludo,
1653 1163 1845 1232 effuge-

192 1243 347 1290 runt3
388 1243 457 1290 et,
486 1249 575 1298 per
603 1231 797 1280 Italiam
824 1251 1003 1301 vagat
988 1247 1080 1295 tes,
1105 1252 1232 1300 pene
1260 1251 1361 1283 non
1393 1235 1552 1284 levius
1579 1235 1806 1285 bellum
1795 1254 1846 1284 m

192 1320 270 1363 ea,
297 1321 450 1371 quam
480 1304 704 1353 Annibal
731 1322 847 1354 mov
851 1321 973 1365 erat,
996 1317 1325 1373 paraverunt·
1364 1324 1481 1356 nam
1509 1307 1679 1357 multis
1705 1309 1846 1358 duci-

195 1376 289 1426 bus
328 1388 378 1426 et
415 1376 612 1426 duobus
639 1376 789 1426 simul
815 1377 1170 1428 Romanorum
1200 1379 1490 1429 consulibus
1517 1381 1677 1439 victis,
1706 1397 1848 1430 sexa-

192 1447 331 1517 ginta
356 1447 462 1499 fere
490 1450 706 1499 millium
733 1464 1041 1501 armatorum
1069 1453 1345 1502 exercitum
1373 1467 1839 1522 congregaverunt·
1827 1491 1842 1514 ‚

193 1521 415 1590 victique
442 1533 560 1572 sunt
585 1523 636 1572 in
663 1522 852 1590 Apulia
879 1543 905 1573 a
940 1524 1121 1575 Marco
1166 1524 1365 1573 Licinio
1406 1524 1590 1576 Crasso
1631 1543 1845 1592 procon-

194 1595 340 1656 sule3
381 1606 431 1644 et
468 1606 582 1676 post
614 1597 798 1646 multas
824 1598 1130 1648 calamitates
1157 1597 1333 1658 Italiae,
1362 1600 1508 1647 tertio
1547 1615 1677 1647 anno
1715 1598 1848 1648 bello

196 1666 315 1717 huic
346 1667 495 1718 finis
484 1668 776 1734 imponitur.

263 1739 644 1792 Sexcentesimo
684 1741 994 1809 octogesimo
1035 1741 1198 1808 primo
1250 1740 1386 1791 urbis
1435 1742 1652 1791 conditae
1691 1759 1842 1804 anno,

194 1811 378 1862 Publio
404 1813 643 1863 Cornelio
669 1813 890 1863 Lentulo
916 1827 964 1862 et
992 1812 1150 1864 Cnaeo
1179 1813 1392 1862 Aufidio
1416 1814 1599 1864 Oreste
1625 1816 1845 1865 consuli-

195 1884 310 1947 bus,
337 1886 439 1935 duo
465 1884 663 1936 tantum
691 1886 857 1955 gravia
882 1886 1010 1935 bella
1056 1887 1106 1936 in
1148 1887 1361 1953 imperio
1405 1886 1644 1936 Romano
1687 1902 1846 1946 erant,

196 1957 605 2009 Mithridaticum
647 1974 694 2008 et
735 1959 1164 2010 Macedonicum:
1202 1959 1310 2009 haec
1345 1960 1447 2008 duo
1484 1959 1688 2010 Luculli
1732 1978 1848 2029 age-

195 2030 337 2092 bant,
367 2032 559 2082 Lucius
585 2031 834 2082 Lucullus
861 2044 908 2080 et
935 2032 1142 2082 Marcus
1171 2031 1435 2085 Lucullus,
1510 2032 1701 2082 Lucius
1728 2051 1846 2102 ergo

198 2103 447 2154 Lucullus
473 2117 587 2172 post
627 2122 849 2173 pugnam
885 2103 1215 2173 Cyzicenum,
1243 2103 1342 2171 quia
1367 2105 1551 2154 vicerat
1578 2104 1851 2155 Mithrida·

197 2187 322 2239 tem,
360 2191 409 2226 et
448 2179 694 2236 navalem,
723 2196 823 2244 qua
849 2178 1003 2226 duces
1031 2178 1140 2246 ejus
1182 2189 1517 2243 oppresserat,
1556 2193 1849 2243 persecutus

199 2260 276 2300 est
307 2267 458 2299 eum·
447 2287 462 2311 ,
503 2262 569 2312 et,
611 2249 811 2316 recepta
847 2249 1194 2318 Paphlagonia
1229 2263 1378 2316 atque
1407 2249 1661 2331 Bithynia,
1699 2253 1849 2300 etiam

200 2339 416 2392 regnum
444 2323 553 2393 ejus
575 2323 771 2375 invasit.
846 2322 1070 2390 Sinopen
1091 2335 1139 2373 et
1167 2322 1425 2384 Amisum,
1452 2322 1676 2373 civitates
1701 2323 1853 2374 Ponti

258 2492 442 2545 Obsedit,
461 2506 550 2535 eum
572 2490 859 2534 understood.
1058 2505 1163 2533 man
1188 2491 1372 2546 empne,
1395 2490 1480 2533 and
1516 2491 1654 2534 called
1677 2492 1711 2535 it
1733 2493 1851 2536 Con-

260 2551 511 2609 Byzantium
544 2551 737 2608 fugavit,
791 2551 846 2592 he
899 2565 999 2607 pur·
1059 2549 1346 2605 stantinople,
1384 2550 1528 2592 which
1550 2564 1682 2593 name
1704 2554 1738 2594 it
1760 2553 1850 2596 still

201 2613 308 2654 sueti
334 2611 428 2652 him
451 2620 495 2650 to
531 2610 815 2664 Byzantium,
838 2623 861 2650 a
884 2610 998 2652 cele·
1057 2609 1238 2652 retains

204 2669 356 2711 brated
378 2670 465 2722 city
481 2666 673 2709 situated
692 2681 749 2708 on
765 2671 841 2709 the
855 2668 997 2711 Thra·
1119 2666 1310 2724 Effracto
1349 2669 1421 2719 duc
1469 2665 1640 2722 having
1679 2667 1851 2713 broken

199 2726 304 2771 cian
326 2728 599 2783 Bosphorus,
630 2726 825 2767 founded
857 2730 914 2769 A.
947 2727 999 2768 C.
1059 2739 1172 2781 open
1195 2727 1270 2767 tlte
1295 2727 1467 2767 theatre
1491 2736 1534 2766 at
1555 2726 1723 2781 Capua.

200 2792 302 2830 658.
362 2786 416 2827 In
442 2788 495 2826 A.
522 2786 582 2826 D.
616 2789 719 2837 328,
753 2784 828 2826 the
850 2799 1000 2841 empe-
1117 2783 1309 2838 Sinopen,
1350 2784 1528 2839 Sinope,
1572 2798 1669 2828 now
1712 2784 1852 2829 called

201 2859 274 2888 ror
294 2843 595 2887 Constantine
617 2843 693 2884 the
709 2842 847 2885 Great
871 2844 999 2885 made
1059 2842 1222 2885 Sin-abe
1245 2856 1295 2884 or
1311 2842 1464 2884 Sinali.

203 2904 238 2948 it
261 2904 338 2947 the
360 2901 522 2960 capital
545 2900 688 2944 ofthe
710 2910 886 2945 eastern
910 2903 1000 2945 Ro-
