1934 3248
171 180 227 218 38
693 178 977 220 EUTROPH
1013 173 1254 220 HISTORI
1263 178 1312 219 43

168 306 440 354 certamen,
470 311 564 361 pax
607 312 723 345 cum
763 295 1260 364 Carthaginiensibus
1297 295 1430 346 facta
1470 304 1560 345 est.
1636 290 1808 358 Scipio

169 367 390 416 Romam
419 368 584 427 rediit,
613 382 662 417 et
690 368 881 436 ingenti
907 367 1065 437 gloria
1091 368 1437 436 triumphavit,
1478 381 1627 432 atque
1669 362 1809 412 Afri-

169 456 322 488 canus
340 457 407 488 ex
435 457 494 489 eo
521 442 756 507 appellari
783 455 983 507 coeptus
1019 453 1109 492 est.
1186 441 1362 490 Finem
1401 439 1592 507 accepit
1631 451 1810 486 secun-

169 511 291 560 dum
339 510 590 562 Punicum
643 514 831 562 bellum
883 527 995 579 post
1050 529 1240 562 annum
1295 529 1487 562 nonum
1533 507 1807 566 decimum,

168 581 321 649 quam
349 598 589 652 coeperat.

657 1019 871 1069 LIBER
914 1019 1305 1089 QUARTUS,

156 1174 498 1225 TRANsAcTo
550 1172 746 1224 Punico
801 1173 951 1235 bello,
1009 1187 1237 1225 secutum
1296 1185 1369 1225 est
1407 1174 1799 1229 Macedonicum

158 1260 330 1297 contra
355 1247 648 1313 Philippum
676 1264 862 1328 regem

230 1319 656 1389 Quingentesimo
683 1331 731 1368 et
758 1318 1177 1386 quinquagesimo
1212 1318 1375 1385 primo
1414 1338 1545 1369 anno
1580 1320 1640 1370 ab
1677 1286 1799 1372 urbe

155 1391 374 1453 condita,
424 1391 573 1441 Titus
616 1391 861 1459 Quintius
903 1391 1182 1440 Flaminius
1228 1392 1464 1442 adversus
1503 1392 1798 1460 Philippum

155 1481 326 1532 regem
366 1463 598 1513 mittitur.
672 1464 778 1514 Res
819 1480 1055 1531 prospere
1098 1463 1288 1530 gessit3
1346 1482 1440 1531 pax
1485 1466 1530 1514 ei
1572 1467 1684 1514 data
1724 1482 1799 1516 est

155 1537 232 1586 his
271 1536 485 1605 legibus,
536 1554 599 1584 ne
647 1536 862 1586 Graeciae
902 1535 1203 1594 civitatibus,
1249 1554 1373 1602 quas
1416 1536 1639 1586 Romani
1678 1555 1796 1588 con-

155 1623 230 1658 tra
284 1626 401 1658 eum
447 1607 793 1670 defenderant,
845 1609 1035 1657 bellurn
1087 1608 1326 1669 inferret3
1385 1622 1441 1658 ut
1489 1610 1710 1677 captivos
1748 1622 1797 1661 et

155 1680 438 1750 transfugas
478 1682 738 1741 redderet3
780 1681 1143 1748 quinquaginta
1188 1679 1352 1730 solum
1397 1698 1547 1732 naves
1573 1682 1797 1742 haberet,

155 1755 371 1820 reliquas
404 1753 649 1804 Romanis
691 1754 956 1813 redderet3
1015 1771 1102 1819 per
1139 1770 1294 1801 annos
1332 1753 1508 1803 decem
1554 1767 1795 1821 quaterna

153 1827 309 1877 millia
335 1826 504 1893 pondo
542 1827 733 1894 argenti
771 1839 1059 1894 praestaret3
1099 1838 1148 1874 et
1185 1824 1410 1876 obsidem
1447 1826 1604 1886 daret,
1633 1826 1794 1878 filium

155 1916 324 1960 suum,
345 1898 685 1948 Demetrium.

222 1972 373 2021 Titus
396 1971 643 2040 Quintius
659 1970 807 2020 etiam
825 1968 1221 2019 Lacedaemoniis
1243 1965 1410 2019 intulit
1431 1968 1619 2019 bellum
1645 1990 1659 2030 ;
1700 1971 1793 2020 du-

153 2061 265 2094 cem
306 2061 500 2104 eorum,
527 2043 781 2093 Nabidem
820 2043 956 2102 vicit,
996 2055 1044 2090 et
1077 2041 1258 2108 quibus
1293 2042 1451 2092 voluit
1494 2042 1793 2092 conditioni·

152 2118 246 2166 bus
286 2117 337 2165 in
372 2116 523 2165 fidem
560 2116 767 2182 accepit.
843 2114 1041 2182 Ingenti
1084 2110 1240 2182 gloria
1268 2114 1413 2164 duxit
1447 2127 1559 2164 ante
1586 2133 1789 2164 currum

153 2188 488 2239 nobilissimos
514 2187 730 2249 obsides,
769 2186 1110 2246 Demetrium,
1148 2185 1368 2253 Philippi
1407 2186 1588 2246 filium,
1617 2201 1665 2237 et
1694 2190 1790 2237 Ar-

152 2279 354 2311 menem
377 2260 606 2310 Nabidis.

221 2334 501 2383 Transacto
553 2333 681 2382 bello
730 2330 1083 2390 Macedonico,
1122 2342 1351 2379 secutum
1402 2344 1476 2379 est
1526 2329 1788 2400 Syriacum

150 2420 323 2456 contra
352 2404 666 2455 Antiochum
692 2420 880 2472 regem,
907 2403 1090 2452 Publio
1116 2401 1352 2452 Cornelio
1379 2401 1633 2470 Scipione,
1651 2403 1786 2452 Mar-

150 2497 209 2529 co
249 2478 416 2529 Acilio
457 2477 732 2527 Glabrione
768 2475 1074 2526 consulibus.
1151 2474 1288 2525 Huic
1330 2474 1586 2525 Antiocho
1627 2475 1788 2524 Anni-

149 2553 225 2601 bal
265 2569 315 2602 se
348 2551 603 2620 junxerat,
638 2548 999 2617 Carthaginem
1041 2548 1252 2615 patriam
1293 2564 1454 2608 suam,
1493 2565 1556 2597 ne
1595 2547 1784 2597 Roma-

203 2707 272 2750 Eoe
293 2721 350 2751 eo.
371 2713 546 2760 tempore
564 2705 847 2746 understood.
1002 2717 1121 2745 men.

203 2765 531 2816 Macedonicum,
585 2762 727 2806 bellum
781 2762 940 2804 under·
1057 2761 1241 2816 Accepit,
1256 2774 1344 2802 eum
1365 2758 1646 2802 understood.

141 2823 282 2867 stood.
1060 2819 1249 2870 Nabidis,
1272 2818 1412 2873 filium
1446 2818 1483 2860 is
1521 2818 1785 2861 understood

197 2882 415 2931 Nabidem,
442 2878 605 2930 Nabis,
629 2892 653 2919 a
687 2876 804 2919 cruel
842 2877 926 2917 ancl
991 2877 1138 2920 before
1168 2878 1350 2920 Nabidis.

137 2939 389 2985 avaricious
431 2947 580 2994 tyrant
631 2935 682 2978 of
726 2936 930 2979 Lacedae·
