1934 3248
179 178 240 215 44
695 174 987 219 EUTROPII
1021 175 1317 220 HISTORIAE

178 291 287 360 ejus
314 291 510 354 occisis,
539 292 895 345 Macedoniam
939 296 1163 363 recepit3
1204 297 1369 364 ipsum
1406 297 1557 348 etiam
1596 296 1820 349 Pseudo-

182 363 475 431 Philippum
503 366 554 414 in
579 379 878 433 potestatem
907 384 1048 418 suam
1076 370 1283 436 redegit,
1340 407 1368 417 ἡ

168 440 212 456 'L
248 435 524 488 Corinthiis
569 457 773 507 quoque
818 440 1007 490 bellum
1058 441 1304 491 indictum
1355 452 1446 500 est,
1492 440 1813 491 nobilissimae

177 507 395 559 Graeciae
422 509 628 571 civitati,
655 524 857 579 propter
882 513 1115 581 injuriam
1143 515 1422 582 legatorum
1444 513 1815 563 Romanorum.

175 579 326 632 Hanc
352 581 641 633 Mummius
667 586 843 634 consul
869 586 1001 652 cepit
1027 603 1082 635 ac
1103 585 1271 636 diruit.
1310 585 1439 635 Tres
1456 587 1608 653 igitur
1629 586 1812 635 Romae

174 652 325 702 simul
359 654 670 705 celeberrimi
712 657 956 723 triumphi
995 657 1222 718 fuerunt,
1261 657 1489 707 Africani
1528 677 1587 707 ex
1616 656 1813 718 Africa,

172 737 289 775 ante
313 726 459 794 cujus
485 744 690 777 currum
717 731 899 780 ductus
917 742 990 779 est
1014 730 1267 780 Asdrubal
1288 751 1302 791 3
1338 730 1537 779 Metelli
1554 749 1613 780 ex
1638 730 1814 781 Mace-

171 795 340 859 donia,
370 799 516 867 cujus
543 817 746 850 currum
774 802 1025 868 praecessit
1054 803 1353 863 Andriscus,
1388 803 1474 868 qui
1501 814 1550 851 et
1587 802 1815 852 Pseudo-

169 868 434 937 Philippus
462 871 678 933 dicitur3
719 874 962 923 Mummii
988 892 1048 923 ex
1077 874 1343 935 Corintho,
1365 887 1477 924 ante
1500 892 1651 942 quem
1671 876 1811 944 signa

169 959 327 1002 aenea,
367 954 416 992 et
442 943 588 1009 pictae
617 945 817 1008 tabulae,
850 960 898 996 et
925 947 1019 996 alia
1046 948 1181 997 urbis
1207 947 1492 998 clarissimae
1520 957 1810 999 ornamenta

166 1015 372 1081 praelata
398 1027 533 1066 sunt.

237 1086 428 1136 Iterum
468 1089 521 1137 in
566 1088 870 1140 Macedonia
910 1089 1373 1152 Pseudo-Perseus,
1415 1092 1502 1158 qui
1543 1108 1594 1141 se
1644 1092 1814 1143 Persei

166 1157 330 1208 filium
356 1177 463 1210 esse
489 1159 703 1220 dicebat,
725 1164 946 1213 collectis
967 1165 1138 1225 servis,
1160 1164 1416 1214 rebellavit
1435 1184 1448 1224 ;
1490 1175 1539 1213 et
1559 1162 1679 1213 cum
1700 1182 1812 1232 sep-

163 1231 436 1281 temdecim
464 1247 771 1285 armatorum
798 1236 954 1286 millia
974 1236 1196 1297 haberet,
1219 1255 1246 1286 a
1266 1236 1543 1289 Tremellio
1561 1252 1809 1302 quaestore

167 1316 430 1371 superatus
458 1319 547 1356 est.

235 1375 430 1426 Eodem
467 1390 694 1445 ternpore
739 1379 982 1429 Metellus
1009 1381 1061 1428 in
1088 1379 1358 1430 Celtiberia
1384 1381 1516 1447 apud
1552 1380 1808 1449 Hispanos

164 1449 389 1517 egregias
416 1468 492 1500 res
513 1452 683 1516 gessit,
756 1451 1011 1502 Successit
1038 1453 1081 1502 ei
1111 1453 1338 1521 Quintus
1364 1452 1655 1519 Pompeius.
1694 1454 1806 1504 Nec

163 1520 329 1571 multo
367 1536 481 1589 post
510 1523 738 1592 Quintus
777 1543 981 1592 quoque
1018 1524 1191 1593 Caepio
1218 1527 1279 1575 ad
1306 1526 1439 1574 idem
1466 1526 1655 1575 bellum
1691 1527 1808 1576 misss

164 1610 269 1655 sus,
307 1597 444 1662 quod
480 1599 684 1663 quidam
725 1597 953 1647 Viriatus
981 1610 1153 1648 contra
1181 1598 1446 1648 Romanos
1475 1598 1524 1647 in
1551 1598 1811 1649 Lusitania

160 1666 397 1733 gerebat3
438 1686 540 1736 quo
580 1683 719 1718 metu
757 1670 984 1720 Viriatus
1024 1689 1050 1719 a
1092 1671 1193 1721 suis
1233 1670 1528 1721 interfectus
1567 1686 1659 1733 est,
1687 1671 1805 1722 cum

162 1741 545 1805 quatuordecim
573 1759 730 1791 annos
757 1742 1027 1810 Hispanias
1048 1743 1312 1793 adversum
1335 1744 1597 1794 Romanos
1621 1744 1805 1794 movis—

161 1823 251 1861 set.
325 1811 503 1863 Pastor
530 1812 695 1880 primo
717 1814 832 1875 fuit,
859 1833 975 1865 mox
1000 1817 1251 1866 latronum
1274 1818 1395 1878 dux,
1416 1816 1672 1883 postremo
1695 1829 1799 1866 tan-

159 1894 237 1934 tos
263 1885 325 1934 ad
353 1884 540 1936 bellum
567 1888 780 1955 populos
820 1889 1107 1950 concitavit,
1136 1901 1191 1939 ut
1231 1904 1442 1940 assertor
1482 1903 1655 1939 contra
1696 1889 1804 1939 Ro-

222 2100 460 2156 Corinthiis,
481 2102 657 2159 against
681 2103 756 2145 the
775 2103 952 2146 inhabi-
1012 2104 1063 2146 of
1081 2105 1155 2147 the
1180 2105 1369 2149 affront:
1403 2107 1477 2148 the
1508 2107 1801 2151 Corinthians

161 2166 282 2202 tants
323 2159 377 2202 of
406 2161 614 2214 Corinth,
660 2175 716 2202 an
760 2162 951 2215 ancient,
1011 2162 1107 2205 first
1148 2165 1340 2207 insulted
1378 2166 1453 2206 the
1488 2167 1663 2208 Roman
1705 2180 1801 2208 am-

162 2218 428 2273 celebrated,
461 2218 548 2261 aud
573 2221 766 2275 wealthy
797 2222 886 2277 city
908 2222 960 2263 of

160 2276 336 2319 Achaia
369 2277 416 2319 in
451 2278 635 2331 Greece,
669 2277 860 2320 founded
892 2279 950 2334 by

159 2336 396 2391 Sisyphus,
419 2350 498 2377 son
533 2336 586 2378 of
615 2337 783 2388 lEolus‚
805 2338 849 2380 in
874 2340 949 2379 the

158 2406 265 2448 year
305 2396 359 2436 of
390 2394 465 2436 the
515 2394 648 2437 world
690 2401 820 2445 2616,
861 2396 949 2438 and

162 2452 297 2493 burnt
318 2461 363 2493 to
385 2452 461 2494 the
485 2452 654 2508 ground
679 2453 733 2508 by
765 2456 840 2495 the
861 2456 952 2496 Ro-

161 2522 294 2551 mans
314 2513 370 2552 A.
393 2510 446 2552 C.
472 2517 568 2555 146.
628 2511 671 2552 It
703 2526 791 2554 was
814 2513 950 2555 after-

159 2567 304 2610 wards
338 2567 496 2610 rebuilt
534 2569 588 2623 by
620 2569 768 2612 Julius
799 2571 949 2613 Caesar

158 2625 247 2668 and
263 2625 403 2669 called
419 2628 531 2670 after
549 2628 605 2670 its
621 2628 783 2671 former
801 2644 949 2683 name,

157 2682 240 2726 but
276 2684 310 2727 it
343 2684 380 2727 is
413 2700 509 2727 now
539 2685 677 2728 called
717 2688 869 2730 Corito
901 2704 950 2731 or

159 2741 374 2795 Coranto,
415 2743 501 2784 and
562 2744 616 2799 by
660 2746 736 2786 the
788 2746 950 2800 Turks,

157 2800 262 2844 who
296 2801 408 2843 have
443 2801 653 2845 obtained
692 2806 947 2860 possession

156 2858 210 2902 of
224 2858 272 2912 it,
294 2859 503 2902 Gereme.

216 2917 407 2974 Propter
435 2919 655 2974 injuriam,
675 2933 734 2964 on
757 2931 946 2965 account

1013 2221 1263 2276 bassadors‚
1287 2222 1372 2265 and
1408 2223 1665 2266 afterwards
1699 2224 1799 2266 beat

1010 2281 1150 2323 them.

1067 2340 1277 2395 Africani,
1306 2341 1532 2394 triumphus
1568 2341 1604 2382 is
1641 2340 1801 2383 under-

1011 2397 1135 2439 stood
1177 2397 1327 2440 betme
1361 2399 1572 2454 Africani,
1614 2399 1798 2450 Metelli,

1010 2457 1094 2497 ansi
1122 2457 1328 2500 Illumnn'i.

1070 2514 1306 2569 Celtiber-211,
1341 2514 1596 2566 Celtiberia,
1632 2529 1658 2555 a
1700 2524 1797 2571 part

1008 2573 1057 2613 of
1074 2573 1209 2628 Spain
1234 2588 1332 2615 now
1355 2572 1492 2615 called
1516 2576 1736 2629 Arragon.

1069 2631 1294 2685 Lusz'canffi,
1344 2631 1590 2684 Lusitania,
1632 2645 1657 2672 a
1699 2645 1797 2687 pro-

1009 2688 1138 2731 vince
1161 2691 1210 2731 of
1227 2691 1406 2733 ancient
1427 2689 1576 2745 Spain,
1598 2703 1697 2732 now
1721 2691 1795 2732 the

1009 2747 1224 2803 kingdom
1248 2748 1299 2791 of
1316 2748 1543 2805 Portugal.

1067 2806 1158 2855 Quo
1211 2813 1334 2863 metu,
1372 2807 1565 2864 through
1621 2805 1712 2849 sear
1751 2805 1803 2849 of

1006 2864 1170 2909 whom.
