1978 3226
615 168 801 212 LIBER
828 167 1107 211 TERTIUS.
1666 174 1723 215 35

57 299 148 340 est.
226 287 491 339 Annibal
478 305 531 338 m
556 285 718 347 Italia,
752 287 970 338 Cnaeum
998 287 1237 339 Fulvium
1261 287 1526 338 consulem
1551 286 1722 338 subito

57 377 344 431 aggressu5‚
365 379 483 412 cum
509 373 626 411 octo
651 361 876 411 millibus
896 355 1166 412 hominum
1193 360 1464 411 interfecit.

129 435 327 485 Interea
355 436 415 484 ad
452 433 745 501 Hispaiiia8‚
775 433 880 492 ubi,
920 434 1097 485 occisis
1141 432 1341 484 duobus
1378 430 1725 514 Scipionibus,

57 508 230 558 nullus
258 508 526 557 Romanus
553 509 656 556 dux
684 520 809 567 erat,
835 506 1048 558 Publius
1098 506 1369 558 Cornelius
1407 505 1581 573 Scipio
1606 505 1724 556 mit·

0 617 2 643 3
57 580 199 640 titur,
228 580 362 630 filius
389 580 560 630 Publii
605 579 877 647 Scipionis,
905 581 993 646 qui
1020 580 1208 630 ibidem
1251 579 1445 630 bellum
1484 590 1726 648 gesserat,

58 670 218 703 annos
246 667 392 703 natus
428 667 648 720 quatuor
683 667 732 702 et
776 653 973 722 viginti,
998 655 1073 702 vir
1107 653 1467 703 Romanorum
1493 651 1730 701 omnium

56 739 106 775 et
133 724 224 776 su'ai
244 739 390 776 aetate
411 743 459 776 et
483 726 746 793 posteriori
767 738 996 793 tempore
1022 725 1129 776 fere
1152 726 1363 794 primus.
1439 725 1491 776 Is
1511 723 1726 776 Cartha-

58 799 229 868 ginem
251 799 516 866 Hispaniae
551 799 703 866 capit,
740 799 792 848 in
820 798 919 866 quii
959 817 1110 849 omne
1136 817 1337 860 aurum,
1365 810 1415 849 et
1440 810 1731 867 argentum,

62 885 111 921 et
127 871 246 922 belli
271 885 569 940 apparatum
598 872 716 922 Afri
735 871 1022 933 habebant3
1051 873 1390 923 nobilissimos
1409 889 1616 940 quoque
1640 871 1731 921 ob-

60 945 209 1006 sides,
238 963 367 1012 quos
394 945 454 996 ab
482 945 729 1013 Hispanis
760 959 1077 1013 acceperant,
1105 945 1388 1015 Magonem
1429 945 1602 1006 etiam,
1626 943 1727 993 fra-

62 1031 192 1067 trem
221 1018 509 1078 Annibalis,
537 1019 724 1068 ibidem
741 1019 892 1086 capit,
921 1037 1075 1085 quem
1103 1019 1330 1068 Romam
1352 1036 1470 1069 cum
1488 1019 1596 1069 aliis
1614 1018 1734 1066 mit-

62 1092 146 1149 tit„
217 1091 402 1141 Romae
431 1092 609 1160 ingens
637 1093 809 1142 laetitia
836 1105 950 1159 post
976 1091 1113 1142 hunc
1141 1093 1389 1142 nuncium
1428 1091 1544 1141 fuit.
1620 1089 1733 1141 Sci-

63 1165 149 1231 pio
170 1164 523 1232 Hispanorum
544 1164 743 1215 obsides
764 1164 1056 1232 parentibus
1082 1165 1300 1215 reddidit
1320 1186 1335 1226 3
1363 1163 1466 1232 qua
1483 1181 1534 1214 re
1551 1180 1731 1213 omnes

62 1236 171 1287 fere
218 1237 439 1305 Hispani
480 1238 542 1287 ad
581 1255 701 1287 eum
749 1256 852 1288 uno
888 1239 1058 1288 animo
1100 1238 1424 1290 transierunt.
1498 1235 1733 1303 Postque

67 1311 429 1371 Asdrubalem,
459 1310 730 1362 Annibalis
756 1310 984 1373 fratrem,
1011 1312 1205 1362 victum
1230 1310 1398 1381 fugat,
1431 1321 1482 1360 et
1506 1311 1734 1379 praedam

65 1383 341 1434 maximam
369 1385 520 1450 capit.

134 1457 331 1508 Interea
359 1458 410 1506 in
438 1455 582 1507 Italia
608 1458 787 1507 consul
826 1456 1057 1526 Quintus
1095 1457 1281 1508 Fabius
1321 1456 1587 1506 Maximus
1626 1455 1734 1505 Ta-

64 1542 268 1580 rentum
296 1531 503 1597 recepit,
531 1531 581 1579 in
609 1527 711 1597 qua
736 1530 966 1598 ingentes
1002 1532 1163 1598 copiae
1199 1529 1470 1581 Annibalis
1497 1540 1658 1588 erant,
1684 1541 1736 1579 et

63 1603 133 1652 ibi
158 1604 331 1664 etiam,
364 1605 548 1653 ducem
577 1603 865 1664 Annibalis,
894 1603 1256 1654 Carthalonem
1296 1604 1516 1663 occidit3
1556 1601 1738 1671 viginti

67 1677 295 1744 quinque
322 1676 477 1727 millia
503 1678 818 1744 captivorum
837 1677 1098 1738 vendidit3
1122 1680 1344 1763 praedam
1367 1639 1613 1726 militibus
1633 1676 1735 1727 dis-

66 1751 303 1817 pertivit3
333 1751 600 1832 pecuniam
627 1749 895 1799 hominum
916 1751 1240 1801 venditorum
1261 1751 1322 1800 ad
1346 1749 1529 1800 fiscum
1546 1749 1736 1800 retulit.

66 1824 209 1874 Tum
254 1825 430 1874 multae
474 1823 700 1873 civitates
737 1822 1117 1885 Romanorum,
1164 1842 1280 1891 quae
1319 1825 1383 1875 ad
1426 1821 1738 1873 Annibalem

66 1897 366 1947 transierant
394 1895 554 1964 priUS,
580 1913 754 1946 rursus
781 1914 832 1947 se
857 1896 1014 1947 Fabio
1042 1897 1279 1947 Maximo
1304 1896 1652 1947 reddiderunt.

141 1970 438 2038 Insequenti
465 1987 598 2019 anno
630 1968 842 2037 Scipio'
831 1987 883 2018 1n
921 1968 1171 2037 Hispania
1211 1971 1438 2040 egregias
1485 1987 1565 2019 res
1617 1969 1741 2038 egit,

15 2073 18 2075 Δ
69 2055 121 2092 et
148 2060 237 2110 per
257 2061 308 2093 se
335 2056 383 2092 et
411 2060 501 2111 per
517 2043 726 2092 fratrem
748 2060 919 2100 suum,
936 2044 1159 2093 Lucium
1179 2043 1509 2111 Scipionem:
1537 2055 1741 2110 septua-

70 2116 210 2185 ginta
235 2116 462 2167 civitates
489 2115 696 2184 recepit.
738 2115 798 2165 In
819 2114 967 2166 Italia
992 2130 1163 2167 tamen
1183 2116 1314 2167 male
1335 2129 1620 2186 pugnatum
1642 2128 1738 2178 est,

73 2207 190 2239 nam
219 2188 466 2240 Claudius
495 2189 774 2239 Marcellus
796 2191 974 2240 consul
995 2190 1057 2240 ab
1086 2190 1341 2240 Annibale
1368 2190 1567 2240 occisus
1588 2200 1683 2242 est.

141 2262 322 2313 Tertio
348 2281 481 2312 anno
507 2275 781 2330 postquam
825 2262 997 2330 Scipio
1033 2266 1093 2313 ad
1130 2263 1436 2331 Hispaniam
1476 2261 1739 2331 profectus

73 2334 259 2397 fuerat,
286 2353 460 2386 rursus
501 2353 601 2393 res
614 2333 837 2405 mclytas
877 2337 1022 2405 gerit.
1100 2336 1302 2406 Regem
1352 2335 1742 2403 Hispaniarum,

73 2426 260 2491 magno
286 2410 459 2476 praelio
505 2409 717 2470 victum,
760 2410 811 2458 in
857 2409 1130 2461 amleitiam
1181 2410 1403 2479 accepit,
1444 2421 1494 2459 et
1544 2409 1740 2477 primus

76 2484 306 2532 omnium
335 2501 363 2531 a
387 2482 520 2533 victo
540 2483 740 2532 obsides
763 2500 865 2531 non
892 2484 1144 2551 poposcit.

140 2542 437 2624 Desperans
460 2554 685 2605 Annibal
710 2554 987 2623 Hispanias
1014 2570 1190 2607 contra
1229 2555 1523 2624 Scipionem
1551 2554 1744 2606 diutius

137 2723 439 2782 Carthaginem
488 2726 721 2782 Hispaniae,
771 2726 880 2770 Cai-
942 2727 1126 2770 modern
1151 2739 1285 2767 name
1306 2739 1343 2767 is
1366 2723 1670 2781 Cartbagena.

75 2782 211 2839 thage
246 2785 292 2826 in
334 2785 491 2841 Spain,
529 2796 607 2827 not
644 2789 723 2828 the
764 2787 880 2828 cele·
995 2787 1277 2840 Acceperuut‚
1299 2787 1375 2826 the
1391 2784 1744 2842 Carthaginians

78 2840 232 2884 brated
257 2843 367 2885 rival
391 2843 443 2885 of
457 2844 617 2896 Rome,
642 2843 721 2886 but
742 2858 769 2886 a
788 2845 878 2899 city
939 2845 1026 2888 had
1054 2845 1206 2887 taken.

76 2899 192 2943 built
213 2914 272 2943 on
295 2903 371 2944 t'ne
393 2912 517 2945 coast
539 2903 591 2944 of
621 2903 696 2945 the
730 2903 880 2946 Medi·
1005 2903 1133 2957 Victo,
1155 2901 1294 2946 hosce
1284 2915 1322 2945 is
1343 2900 1632 2946 understood.

79 2969 316 3003 terranean
368 2960 426 3017 by
478 2960 721 3006 Asdrubal.
811 2962 879 3005 Its
