1923 3237
696 195 885 239 LIBER
914 194 1230 239 SEPTIMUS.
1730 201 1779 239 77

121 314 379 378 bonitatis,
418 327 475 368 ut
518 315 608 384 qui
646 315 923 385 majestatis
961 333 1167 384 quoque
1210 326 1386 368 contra
1425 332 1479 368 se
1521 331 1633 366 reos
1677 333 1780 367 non

121 388 271 441 facile
297 391 498 458 puniret
520 389 653 440 ultra
677 389 815 440 exilii
840 406 1064 457 poenam.

197 461 308 513 Sub
351 459 453 514 hoc
481 460 508 513 J
514 463 657 513 udaea
685 462 926 512 Romano
963 461 1175 513 accessit
1200 460 1434 530 imperio,
1459 471 1510 510 et
1536 459 1785 511 Hieroso-
1857 465 1864 470 ’

123 534 280 604 lyma,
329 553 446 603 quae
494 534 596 585 fuit
646 534 767 586 urbs
815 535 1091 587 clarissima
1134 534 1436 586 Palaestinae.
1514 532 1785 593 Achaiam,

120 606 355 677 Lyciam,
384 607 653 670 Rhodum,
680 608 1011 678 Byzantium,
1038 609 1272 668 Samum,
1298 625 1413 676 quae
1453 605 1623 657 liberae
1670 619 1786 656 ante

119 679 220 730 hoc
257 691 461 749 tempus
498 680 720 744 fuerant,
746 682 868 732 item
895 681 1190 741 Thraciam,
1219 680 1472 742 Ciliciam,
1497 677 1787 730 Tracheam

122 752 492 823 Comagenam,
543 772 659 823 quae
699 753 794 806 sub
836 755 1041 824 regibus
1083 754 1278 816 amicis,
1316 754 1368 804 in
1411 752 1786 822 provinciarum

121 825 343 877 formam
363 826 574 897 redegit.

195 898 527 952 Offensarum
551 911 601 950 et
625 899 1006 951 inimicitiarum
1037 900 1309 950 immemor
1328 897 1427 950 fuit
1450 920 1466 960 3
1505 900 1732 953 convicia
1759 920 1786 951 a

121 972 391 1025 causidicis
417 986 468 1024 et
494 973 809 1041 philosophis
833 973 886 1023 in
911 990 964 1024 se
991 973 1144 1036 dicta,
1171 973 1352 1024 leniter
1378 973 1532 1032 tulit3
1573 973 1788 1044 diligens

121 1058 291 1096 tamen
315 1047 563 1098 coercitor
587 1046 868 1113 disciplinae
894 1046 1142 1097 militaris.
1220 1045 1325 1097 Hic
1353 1063 1472 1098 cum
1510 1045 1634 1097 Tito
1682 1047 1789 1097 filio

107 1118 180 1188 'de
207 1118 580 1190 Hierosolymis
606 1118 953 1186 triumphavit.

190 1190 291 1243 Per
331 1191 442 1244 haec
497 1191 619 1244 cum
671 1192 870 1243 senatui
920 1203 971 1244 et
1009 1192 1222 1260 popu10,
1265 1190 1528 1260 postremo
1569 1192 1786 1253 cunctiS,

120 1264 351 1316 amabilis
378 1283 435 1318 ac
473 1265 737 1335 jucundus
764 1277 915 1327 esset,
940 1265 1191 1334 profluvio
1217 1265 1405 1316 ventris
1431 1265 1685 1318 extinctus
1713 1278 1790 1317 est

121 1337 175 1387 in
200 1336 320 1389 villa
346 1336 550 1407 propria
574 1338 707 1390 circa
745 1337 984 1401 Sabinos,
1023 1356 1216 1389 annum
1254 1339 1415 1390 aetatis
1454 1357 1608 1410 agens
1647 1357 1790 1390 sexa-

117 1411 375 1480 gesimum
433 1430 649 1474 nonum,
702 1412 902 1480 imperii
957 1429 1154 1464 nonum
1209 1423 1261 1462 et
1298 1411 1434 1463 diem
1473 1413 1748 1483 septimum
1770 1433 1785 1474 ;

117 1497 272 1553 atque
296 1485 426 1536 inter
452 1485 594 1537 divos
619 1485 807 1537 relatus
835 1498 927 1537 est.

192 1557 335 1610 Huic
361 1558 515 1611 Titus
544 1559 681 1610 filius
709 1558 972 1620 successit,
1000 1557 1089 1626 qui
1114 1568 1165 1609 et
1190 1557 1299 1626 ipse
1337 1557 1687 1626 Vespasianus
1713 1572 1790 1610 est

121 1630 307 1694 dictuS,
346 1632 422 1683 vir
458 1634 690 1683 omnium
727 1633 977 1684 virtutum
1014 1649 1200 1700 genere
1248 1631 1511 1691 mirabiliS‚
1552 1633 1680 1683 adeo
1732 1645 1790 1683 ut

121 1721 264 1756 amor
289 1717 340 1756 et
383 1705 578 1757 deliciae
619 1704 834 1756 humani
873 1705 1073 1774 generis
1119 1705 1388 1756 diceretur.
1465 1705 1791 1758 Facundissi-

121 1794 257 1841 muS,
276 1777 712 1839 bellicosissimus,
730 1777 1164 1829 moderatissimus
1187 1798 1202 1839 3
1242 1795 1417 1830 causas
1434 1777 1619 1830 Latine
1646 1779 1750 1848 egit
1770 1799 1790 1842 ;

121 1863 356 1918 poemata
399 1865 449 1903 et
493 1852 767 1922 tragoedias
808 1850 995 1903 Graece
1033 1852 1340 1919 composuit.
1416 1851 1479 1902 In
1520 1869 1789 1922 oppugna-

121 1924 260 1975 tione
285 1924 767 1996 Hierosolymorum
812 1925 907 1976 sub
934 1936 1076 1993 patre
1101 1925 1345 1987 militans,
1370 1924 1643 1978 duodecim
1671 1943 1791 1994 pro-

121 2011 430 2068 pugnatores
457 1999 728 2050 duodecim
756 1997 1054 2067 sagittarum
1080 1997 1264 2049 ictibus
1292 1996 1520 2050 confixit.
1597 1999 1787 2051 Romae

120 2083 275 2123 tantae
302 2072 557 2123 civilitatis
575 2072 625 2122 in
646 2072 860 2140 imperio
880 2070 999 2133 fuit,
1016 2083 1073 2121 ut
1099 2072 1301 2122 nullum
1321 2072 1531 2123 omnino
1546 2073 1753 2140 puniret
1771 2094 1788 2134 3

119 2145 382 2197 convictos
407 2142 677 2196 adversum
704 2161 813 2196 sese
847 2143 1212 2214 conjurationis
1237 2144 1308 2197 ita
1345 2145 1610 2207 dimiserit,
1650 2159 1708 2196 ut
1734 2147 1789 2196 in

123 2215 300 2268 e‘adem
325 2217 684 2280 familiaritate,
710 2217 811 2286 qu'a
831 2231 994 2279 antea,
1014 2216 1264 2269 habuerit.
1338 2218 1613 2270 Facilitatis
1634 2231 1788 2271 tantae

123 2290 223 2340 fuit
258 2302 307 2341 et
332 2292 663 2354 liberalitatis,
689 2305 747 2341 ut
774 2292 901 2342 nulli
943 2291 1224 2359 quidquam
1250 2303 1476 2362 negaret,
1502 2303 1552 2343 et
1577 2290 1699 2343 ciam
1725 2293 1788 2343 ab

122 2364 299 2415 amicis
323 2359 795 2433 reprehenderetur,
834 2365 1114 2433 respondit,
1140 2365 1341 2416 nullum
1380 2366 1577 2417 tristem
1604 2365 1788 2417 debere

187 2540 427 2599 qu‘estate's
465 2554 566 2592 reos,
601 2552 786 2596 persons
819 2552 928 2583 con·
987 2553 1195 2599 magene,
1218 2555 1244 2583 a
1278 2551 1376 2598 part
1415 2541 1467 2584 os
1499 2542 1625 2598 Syria
1662 2543 1793 2602 lying

123 2601 272 2644 victed
296 2600 556 2643 ostreason.
989 2599 1191 2643 between
1252 2600 1330 2642 the
1391 2601 1648 2658 Euphrates
1700 2606 1790 2645 and

182 2659 361 2710 Samum,
381 2659 555 2710 Samos,
593 2669 651 2698 an
692 2655 837 2700 island
879 2658 925 2700 in
987 2659 1153 2701 Mount
1174 2662 1343 2702 Aman.
1416 2661 1484 2702 Its
1511 2660 1674 2717 capital
1699 2676 1788 2704 was

123 2719 202 2762 the
221 2716 525 2774 Archipelago
541 2714 677 2758 about
694 2715 780 2758 five
795 2715 926 2759 miles
986 2718 1128 2760 called
1149 2718 1402 2764 Samosata.

121 2779 239 2821 from
281 2776 360 2819 the
395 2784 520 2818 coast
541 2773 592 2817 of
625 2774 736 2817 Asia
756 2775 926 2829 Minor,
1047 2776 1651 2833 Quoe,fuerantunderstood.

58 2876 63 2882 ,
126 2833 409 2880 remarkable
459 2833 527 2877 for
567 2847 593 2876 a
630 2833 926 2891 magnificent
1051 2834 1206 2879 Causas
1230 2835 1380 2878 Latin&
1400 2839 1503 2896 egit,
1525 2837 1582 2881 he
1604 2837 1786 2896 pleaded

123 2894 291 2951 temple
310 2893 510 2937 ofJuno.
983 2908 1142 2939 causes
1163 2895 1208 2938 in
1232 2894 1378 2939 Latin.

183 2953 475 3011 Comagenam,
495 2951 758 3011 Comagena
769 2966 817 2997 or
833 2951 921 2995 Co·
