1934 3248
165 158 221 195 30
669 152 871 197 EUTRO
879 152 959 197 [³11
990 153 1172 199 HISTO
1184 156 1302 199 111AE

171 271 333 321 malus
358 270 592 323 consules
614 271 806 322 bellum
833 285 1006 324 contra
1032 274 1229 344 Illyrios
1255 286 1517 344 gesserunt
1540 296 1555 338 ;
1595 288 1663 338 et,
1686 278 1818 328 mul-

170 343 233 393 tis
272 342 557 394 civitatibus
596 346 774 412 captiS,
813 346 964 395 etiam
998 363 1140 416 reges
1179 348 1231 397 in
1265 349 1573 398 deditionem
1610 367 1815 418 accepe-

170 428 286 466 runt
310 437 325 476 3
366 428 474 466 tum
495 417 718 483 primum
744 419 805 467 de
832 418 1013 488 Illyriis
1040 419 1406 485 triumphatum
1434 433 1526 470 est.

239 487 403 538 Lucio
426 489 636 538 AEmilio
664 491 889 551 consule,
918 491 1144 559 ingentes
1173 492 1442 542 Gallorum
1469 495 1627 559 copiae
1655 493 1813 560 Alpes

167 561 472 611 transierunt
495 581 510 622 ;
551 562 635 611 sed
664 579 755 628 pro
773 562 1021 613 Romanis
1042 576 1146 613 tota
1167 564 1309 614 Italia
1330 566 1585 615 consensit
1607 586 1622 626 3
1662 565 1813 614 tradi-

167 643 380 699 tumque
408 645 482 683 est
505 634 660 683 Fabio
686 633 943 696 historico,
971 636 1059 702 qui
1094 653 1153 685 eo
1190 635 1322 685 bello
1364 637 1611 699 interfuit,
1651 637 1814 687 octin-

166 717 316 772 genta
346 706 498 755 millia
523 705 790 756 hominum
816 720 984 774 parata
1012 708 1072 757 ad
1100 709 1150 757 id
1178 707 1367 758 bellum
1392 709 1548 759 fulsse
1571 730 1583 761 z
1621 711 1709 760 sed
1733 727 1811 759 res

166 795 255 841 per
280 779 511 827 consules
537 777 735 828 tantum
763 778 999 846 prospere
1026 791 1166 848 gesta
1191 793 1301 841 est3
1342 782 1672 850 quadraginta
1699 782 1813 830 mil-

165 849 229 898 lia
255 849 477 899 hostium
505 850 767 901 interfecta
795 863 932 912 sunt,
960 864 1008 901 et
1029 852 1318 919 triumphus
1335 853 1548 903 AEmilio
1565 856 1812 905 decretus,

238 923 456 989 Aliquot
484 923 664 972 deinde
692 924 833 973 annis
860 923 994 990 post,
1019 936 1195 974 contra
1234 924 1411 975 Gallos
1446 926 1575 976 intra
1614 926 1812 975 Italiam

164 1010 448 1060 pugnaturn
494 1006 587 1053 est,
630 995 934 1063 finitumque
985 1010 1060 1046 est
1104 997 1314 1058 bellum,
1365 997 1547 1049 Marco
1595 998 1812 1051 Claudio

163 1064 432 1128 Marcello,
484 1066 641 1118 Cnaeo
683 1068 920 1118 Cornelio
970 1068 1211 1136 Scipione
1251 1070 1561 1121 consulibus.
1660 1070 1815 1122 Tunc

161 1138 440 1190 Marcellus
485 1157 604 1189 cum
649 1140 798 1207 parva
837 1158 990 1189 manu
1039 1141 1271 1208 equitum
1311 1143 1587 1203 dimicavit,
1638 1156 1687 1193 et
1737 1161 1815 1193 re-

159 1229 275 1278 gem
308 1212 596 1273 Gallorum,
622 1213 1007 1263 Viridomarum
1034 1215 1259 1276 nomine,
1301 1232 1456 1265 manu
1492 1215 1580 1265 sua
1607 1215 1811 1283 occidit.

159 1282 342 1334 Postea
382 1303 499 1335 cum
535 1285 731 1354 collega
776 1303 868 1336 suo
913 1287 1142 1355 ingentes
1181 1287 1349 1354 copias
1391 1288 1659 1338 Gallorum
1698 1306 1814 1355 per-

160 1357 319 1418 emit3
373 1357 728 1407 Mediolanum
772 1359 1117 1427 expugnaviv,
1165 1361 1407 1427 grandem
1446 1361 1667 1427 praedam
1699 1361 1807 1410 Ro-

158 1445 295 1478 mam
343 1431 585 1497 pertulit3
657 1448 713 1480 ac
765 1431 1081 1498 triumphans
1125 1432 1400 1483 Marcellus
1452 1433 1607 1500 spolia
1654 1433 1812 1493 Galli,

160 1502 318 1569 stipiti
339 1502 593 1570 imposita,
615 1502 840 1552 humeris
868 1505 969 1553 suis
996 1503 1146 1554 vexit.

230 1575 410 1625 Marco
445 1575 700 1636 Minucio,
730 1574 912 1626 Publio
936 1575 1173 1626 Cornelio
1201 1576 1512 1638 consulibus,
1539 1576 1679 1628 Istris
1706 1577 1812 1626 bel-

156 1646 266 1695 lum
293 1649 489 1698 illatum
517 1660 609 1708 est,
649 1647 767 1714 quia
807 1648 1088 1699 latrocinati
1125 1666 1274 1699 naves
1318 1648 1672 1699 Romanorum
1700 1650 1811 1700 fue-

157 1733 288 1780 rant,
333 1739 447 1786 quae
495 1720 752 1770 frumenta
779 1721 1081 1771 exhibebant
1104 1742 1118 1782 3
1159 1722 1532 1790 perdomitique
1559 1735 1676 1772 sunt
1702 1739 1811 1772 om-

155 1808 260 1842 nes.

229 1865 423 1915 Eodem
451 1882 582 1915 anno
607 1864 795 1927 bellum
824 1865 1076 1915 Punicum
1117 1867 1396 1916 secundum
1425 1865 1673 1916 Romanis
1703 1865 1810 1915 illa—

158 1949 268 1987 tum
304 1950 378 1987 est
424 1955 512 2005 per
558 1937 886 1999 Annibalem,
937 1937 1432 2007 Carthaginiensium
1468 1940 1669 1999 ducem,
1723 1939 1809 2005 qui

217 2154 407 2210 Illyrica,
468 2155 543 2196 ilie
597 2154 819 2209 Illyrium,
876 2155 952 2196 tiie

159 2212 439 2255 inhabitants
461 2213 513 2254 of
541 2212 770 2269 Illyricum
808 2228 870 2265 or,
904 2228 952 2256 as

157 2280 190 2312 it
214 2285 303 2312 was
325 2272 587 2313 sometimes
621 2271 776 2325 called,
805 2272 952 2326 illyris

1015 2165 1094 2209 tor,
1128 2156 1202 2198 the
1237 2155 1468 2198 historiari.
1531 2156 1614 2198 His
1638 2156 1807 2211 history

1014 2216 1049 2256 is
1073 2229 1170 2256 now
1194 2214 1294 2257 lost.

1071 2273 1369 2321 sslediohmum,
1426 2272 1502 2314 tlie
1548 2273 1711 2328 capital
1763 2270 1813 2314 of

159 2344 206 2370 or
227 2330 394 2384 Illyria,
426 2344 451 2371 a
473 2339 661 2385 country
696 2330 747 2372 of
775 2331 952 2385 Europe

158 2401 216 2428 on
239 2388 315 2430 the
355 2388 532 2430 borders
567 2388 617 2429 of
644 2389 719 2430 the
751 2388 952 2430 Adriatic

157 2447 254 2488 Sea.

157 2504 351 2556 Umatia,
393 2504 576 2557 Bosnia‚
628 2505 714 2547 and
771 2504 951 2547 Sclavo·

155 2563 242 2605 nia.

217 2621 357 2674 Alpes,
394 2620 471 2662 the
508 2620 636 2676 Alps,
691 2620 950 2664 sometimes

157 2679 298 2720 cazlc-(l
361 2679 495 2720 Albia
559 2680 646 2720 and
723 2679 950 2736 Alincum,

159 2736 416 2778 mountains
477 2737 575 2778 that
626 2737 772 2780 divide
831 2738 951 2794 Italy

159 2795 268 2836 {rom
295 2796 476 2836 France.

212 2854 343 2896 fami>
364 2853 567 2905 historico,
590 2852 645 2910 by
667 2852 830 2896 Fabius
856 2854 950 2897 Pic-

333 2446 376 2487 It
421 2460 520 2488 now
563 2447 699 2489 forms
755 2457 853 2502 part
908 2448 960 2488 of

1013 2332 1234 2383 Insubria,
1269 2346 1294 2373 a
1337 2331 1553 2387 kingdom
1594 2331 1645 2372 of
1675 2331 1806 2386 Italy.

1010 2389 1123 2432 Tliis
1145 2391 1234 2445 city
1258 2390 1292 2431 is
1316 2403 1414 2430 now
1437 2388 1577 2432 called
1603 2389 1760 2431 Milan.

1076 2447 1211 2501 Galli,
1263 2447 1313 2489 of
1358 2447 1677 2500 Viridomarus,
1729 2449 1805 2489 the

1012 2506 1119 2553 ltine
1141 2508 1190 2548 of
1208 2509 1283 2548 tlie
1308 2506 1462 2548 Gaizls.

1068 2565 1209 2617 Istris,
1251 2566 1326 2606 the
1366 2565 1569 2606 Istrians.
1659 2563 1806 2605 These

1011 2624 1168 2679 people
1199 2623 1429 2664 inlialiiled
1466 2623 1610 2675 Istria,
1643 2636 1669 2663 a
1704 2637 1804 2677 pro-

1013 2682 1138 2723 vince
1185 2681 1237 2722 of
1284 2681 1529 2735 Illyricum,
1569 2681 1656 2722 and
1702 2695 1804 2734 sup-

1013 2739 1166 2796 ported
1210 2739 1483 2781 themselves
1543 2737 1704 2792 chiefly
1746 2738 1805 2792 by

1015 2798 1282 2854 plundering
1315 2798 1392 2841 the
1427 2797 1551 2854 sliips
1591 2796 1643 2838 of
1680 2797 1808 2839 otlier

1013 2857 1207 2899 natione.
