1978 3226
690 148 791 194 LIB
802 150 877 193 ER.
906 147 1033 197 QUA
1043 145 1208 189 RTUS.
1730 149 1781 188 ΔΛ

135 286 254 320 nam
314 271 571 340 adjutores
633 270 866 331 habebat,
937 269 1127 338 Cotyn,
1187 265 1422 316 Thraciae
1484 281 1674 334 regem,
1736 279 1787 315 et

133 342 323 413 Illyrici
359 361 554 414 regem,
603 343 855 394 Gentium
904 343 1128 392 nomine.
1202 338 1453 390 Romanis
1509 350 1679 389 autem
1736 339 1788 387 in

134 417 382 468 auxilium
420 427 562 467 erant
598 416 854 467 Eumenes
918 415 1057 465 Asiae
1094 430 1202 473 rex,
1245 410 1537 462 Ariarathes
1587 410 1790 477 Cappa-

137 489 317 552 dociae,
348 489 637 540 Antiochus
674 488 854 559 Srsriae,
894 488 1203 538 Ptolemaeus
1244 485 1477 555 AEgypti,
1519 483 1791 534 Masinissa

133 560 414 612 Numidiae.
513 561 717 613 Prusias
771 574 963 622 autem,
1014 578 1101 610 rex
1165 558 1437 629 Bithyniae,
1497 574 1791 624 quanquam

135 651 360 685 sororem
384 634 556 688 Persei
582 653 792 686 uxorem
820 634 1044 694 haberet,
1073 632 1300 699 utrisque
1328 649 1379 682 se
1413 647 1620 697 aequum
1663 647 1790 697 prae-

136 706 262 758 buit.
339 707 465 759 Dux
516 708 896 768 Romanorum,
950 705 1165 756 Publius
1209 704 1436 756 Licinius
1474 703 1671 763 consul,
1719 714 1792 751 est

137 797 166 830 a
192 797 311 850 rege
332 782 472 851 gravi
495 782 669 848 praelio
712 782 875 832 victus
899 801 914 842 3
955 797 1121 846 neque
1148 793 1317 828 tamen
1364 776 1604 835 Romani,
1633 792 1792 843 quan-

137 870 292 921 quam
341 854 580 923 superad,
635 855 742 923 regi
790 853 982 922 petenti
1018 869 1196 920 pacem
1234 862 1469 919 praestare
1505 852 1794 906 voluerunt,

137 926 236 976 nisi
283 925 362 978 his
411 927 805 987 conditionibus,
855 940 912 977 ut
951 943 1003 975 se
1042 938 1091 974 et
1129 942 1246 976 suos
1286 922 1479 974 senatui
1517 937 1567 973 et
1604 921 1794 989 populo

139 998 380 1050 Romano
442 1001 666 1051 dederet.
742 1000 873 1050 Mox
936 999 1121 1049 missus
1183 1010 1358 1049 contra
1420 1013 1538 1046 eum
1598 994 1792 1045 Lucius

141 1072 372 1124 AEmilius
426 1072 618 1124 Paulus
669 1074 867 1134 consul,
907 1083 957 1121 et
994 1072 1047 1121 in
1084 1071 1347 1140 Illyricum
1385 1068 1540 1119 Caius
1580 1068 1795 1118 Anicius

140 1156 327 1208 praetor
352 1157 527 1196 contra
567 1146 852 1197 Gentium:
891 1144 977 1195 sed
1016 1144 1256 1204 Gentius,
1293 1141 1442 1192 facile
1482 1158 1584 1192 uno
1623 1140 1795 1207 praelio

139 1217 323 1281 victus,
349 1236 468 1269 mox
497 1236 549 1270 se
587 1219 815 1280 dedidit;
857 1231 1017 1268 mater
1043 1218 1174 1288 ejus,
1201 1229 1251 1267 et
1279 1233 1424 1277 uxor,
1465 1227 1514 1264 et
1540 1215 1643 1264 duo
1667 1211 1796 1271 filii,

140 1287 296 1342 frater
334 1309 538 1360 quoque
577 1293 707 1362 eju8‚
767 1292 918 1344 simul
972 1290 1024 1340 in
1084 1301 1384 1358 potestatem
1441 1287 1797 1337 Romanorum

139 1376 405 1415 venerunt.
480 1365 558 1417 Ita
617 1365 750 1415 bello
801 1366 932 1415 intra
979 1363 1084 1414 dies
1134 1363 1338 1431 triginta
1386 1361 1632 1428 perfectO,
1682 1357 1798 1408 ante

139 1438 404 1507 cognitum
443 1452 519 1490 est
570 1438 821 1490 Gentium
871 1437 1084 1499 victum,
1122 1434 1278 1504 quam
1324 1447 1554 1503 coeptum
1608 1432 1800 1483 bellum

146 1524 495 1563 nunciaretur.

149 1597 183 1611 κ
214 1583 352 1635 Cum
376 1584 564 1635 Perseo
591 1596 763 1635 autem
790 1583 1035 1634 AEmilius
1060 1582 1251 1632 Paulus
1277 1581 1454 1632 consul
1474 1578 1622 1629 tertio
1643 1594 1800 1628 nonas

139 1655 454 1726 Septembris
480 1658 756 1717 dimicavit,
782 1658 1004 1725 vicitque
1031 1673 1168 1717 eum,
1195 1655 1376 1723 viginti
1413 1651 1634 1703 millibus
1661 1651 1804 1718 pedi-

142 1741 254 1780 tum
279 1731 390 1801 ejus
406 1731 622 1793 occisis;
662 1730 916 1798 equitatus
934 1747 1052 1782 cum
1071 1746 1188 1797 rege
1208 1728 1555 1797 fuitinteger3
1597 1725 1794 1775 Roma-

140 1820 325 1854 norum
363 1817 570 1856 centum
617 1804 801 1854 milites
838 1803 1011 1854 amissi
1051 1815 1188 1852 sunt.
1262 1800 1437 1852 Urbes
1480 1796 1800 1850 Macedoniae

142 1893 340 1938 omneS,
367 1894 493 1945 quas
533 1895 620 1927 rex
659 1889 908 1938 tenuerat,
938 1875 1188 1926 Romanis
1215 1892 1267 1925 se
1294 1874 1611 1924 dediderunt.
1688 1871 1802 1937 Ipse

141 1966 248 2012 rex,
275 1948 396 2001 cum
423 1951 737 2001 desereretur
763 1950 825 2000 ab
851 1951 1048 2010 amicis,
1077 1948 1214 1999 venit
1240 1949 1290 1998 in
1311 1947 1459 1998 Pauli
1480 1956 1804 2014 potestatem,

141 2022 230 2074 sed
256 2021 504 2074 honorem
539 2024 586 2074 ei
611 2022 856 2075 AEmilius
897 2041 1001 2074 non
1044 2022 1190 2091 quasi
1228 2021 1364 2072 victo
1386 2019 1581 2081 habuit,
1611 2034 1726 2067 nam
1754 2029 1805 2065 et

207 2156 409 2210 Thraciae,
474 2158 665 2212 Thrace,
727 2173 753 2200 a
822 2158 943 2216 large

142 2226 330 2275 country
352 2219 404 2260 of
415 2218 607 2274 Europe,
627 2231 686 2260 on
708 2219 786 2260 the
808 2221 943 2260 south

141 2274 196 2319 of
207 2276 406 2332 Scythia,
426 2276 756 2333 distinguished
779 2275 846 2319 for
867 2278 946 2318 the

142 2335 948 2451 tissefzssfiff’oss‘ssisssysnsssssssts‘ssfi‘s·

142 2451 212 2495 Its
233 2452 421 2495 modern
443 2466 577 2495 name
602 2452 638 2494 is
657 2452 898 2496 Romania.

208 2509 496 2567 Cappadociae,
563 2512 862 2567 Cappadocia,
922 2525 949 2552 a

145 2579 335 2626 country
354 2570 407 2613 of
421 2570 533 2613 Asia
546 2570 699 2614 Minor
713 2569 947 2626 separated

146 2627 206 2684 by
247 2629 326 2671 the
377 2628 497 2672 river
545 2629 789 2685 Cappadox
831 2629 945 2672 from

146 2685 345 2731 Galatia.
406 2688 448 2730 It
465 2702 554 2730 was
577 2687 862 2731 remarkable
880 2687 950 2731 for

146 2745 227 2789 the
242 2745 511 2789 barrenness
526 2746 578 2789 of
592 2747 647 2790 its
665 2747 762 2801 soil,
777 2749 866 2790 and
882 2746 950 2790 for

145 2804 225 2846 the
267 2803 486 2862 stupidity
526 2805 615 2848 and
651 2805 771 2848 vice-s
812 2805 865 2848 of
892 2805 952 2848 its

144 2862 446 2906 inhabitants.
505 2864 550 2907 It
582 2863 621 2906 is
662 2878 765 2907 now
805 2862 949 2907 called

145 2921 303 2965 Tocat.
361 2922 459 2965 The
487 2922 612 2966 ‘word
632 2937 707 2966 rex
731 2923 770 2966 is
789 2923 951 2966 under-

152 2979 280 3024 stood
304 2980 453 3024 before
491 2980 781 3039 Cappadociae,
804 2982 951 3040 syrice,

151 3040 344 3097 AEgyptz,
366 3038 458 3086 and
478 3040 698 3086 Numidioe.

1067 2157 1262 2213 Utrisque
1300 2159 1373 2211 ᾀε.
1415 2154 1646 2199 remained
1698 2167 1809 2196 neua

1006 2216 1105 2260 tral.

1064 2275 1199 2332 Rege,
1221 2275 1427 2317 Perseus.

1073 2334 1250 2383 Victum,
1274 2347 1357 2376 esse
1377 2330 1667 2375 understood.

1067 2392 1262 2449 coeptum,
1286 2407 1368 2435 esse
1385 2390 1672 2434 understood.

1070 2451 1224 2503 Tertio,
1242 2452 1306 2493 die
1328 2449 1617 2493 understood.

1068 2510 1226 2560 Nonas,
1278 2517 1375 2552 ante
1438 2510 1476 2551 is
1535 2505 1809 2551 understood

1007 2567 1158 2612 before
1178 2583 1322 2611 nonas.
1382 2568 1480 2610 The
1518 2581 1659 2610 nones
1697 2580 1810 2607 were

1007 2630 1084 2671 the
1106 2626 1207 2669 fifth
1231 2627 1317 2679 day
1340 2625 1391 2669 of
1419 2628 1496 2668 the
1536 2627 1712 2677 month,
1735 2638 1811 2666 ex-

1008 2696 1110 2743 cept
1141 2686 1187 2728 in
1222 2687 1398 2738 March,
1430 2686 1554 2741 May,
1575 2683 1698 2739 July‚
1722 2683 1809 2725 and

1009 2745 1220 2797 October,
1243 2745 1373 2786 when
1412 2745 1488 2788 the
1525 2757 1668 2787 nones
1700 2755 1811 2784 were

1011 2805 1089 2848 the
1114 2803 1361 2847 thirteenth
1384 2802 1488 2856 day.

1069 2864 1280 2906 Honorem
1329 2863 1369 2905 ei
1427 2863 1580 2915 habuit,
1639 2856 1814 2903 treated

1013 2922 1110 2966 him
1135 2920 1402 2975 honorably.

1072 2981 1170 3023 Non
1188 2980 1303 3036 quasi
1322 2980 1442 3035 victo,
1469 2985 1549 3023 not
1577 2991 1626 3022 as
1660 2990 1687 3019 a
1707 2987 1812 3019 con=

1013 3038 1180 3098 quered
1204 3052 1383 3095 enemy.
