1978 3226
726 179 913 236 LIBER
945 177 1262 223 SEPTIMUS.
1767 185 1824 224 75

170 293 478 353 Neronianae
503 301 668 362 dictae,
695 318 832 352 nunc
877 299 1236 352 Alexandrinae
1275 296 1606 365 appellantur.
1683 296 1830 348 Obiit

172 371 431 440 trigesimo
458 388 509 424 et
550 376 706 424 altero
745 374 905 425 aetatis
945 391 1098 434 ann0‚
1136 371 1334 439 imperii
1374 371 1573 421 decimo
1612 381 1830 436 quarto·‚

171 457 324 512 atque
351 447 401 496 in
429 464 488 496 eo
514 448 679 498 omnis
705 445 894 496 familia
918 445 1145 514 Augusti
1171 456 1473 511 consumpta
1499 454 1590 494 est.

244 517 385 570 Huic
411 519 619 586 Sergius
656 519 822 570 Galba
867 518 1127 578 successit,
1154 515 1519 584 antiquissima:
1558 513 1834 565 nobilitatis

174 605 391 652 senator,
408 590 527 643 cum
549 592 981 660 septuagesimum
1005 592 1211 641 tertium
1238 606 1428 640 annum
1455 600 1626 658 ageret
1653 588 1834 648 aetatiS,

176 663 239 714 ab
265 662 509 731 Hispanis
535 678 585 716 et
614 665 777 717 Gallis
814 666 1088 733 imperator
1113 665 1324 724 electus,
1350 679 1470 712 mox
1497 661 1558 712 ab
1601 661 1836 711 universo

174 737 399 787 exercitu
445 737 657 789 libenter
707 742 946 806 acceptus
997 750 1107 798 est;
1171 753 1289 786 nam
1339 735 1531 802 privata
1577 735 1688 803 ejus
1738 733 1838 783 vita

174 809 387 878 insignis
413 809 578 862 fuerat
604 811 904 862 militaribus
930 823 981 861 et
1006 808 1237 862 civilibus
1265 806 1434 869 rebus,
1462 824 1595 874 saepe
1637 807 1841 866 consul,

174 900 307 950 saepe
369 886 662 951 proconsul,
723 885 1016 953 frequenter
1063 884 1167 933 dux
1219 882 1270 932 in
1320 880 1627 949 gravissimis
1675 878 1834 930 bellis.

179 955 356 1025 Hujus
383 955 533 1007 breve
563 958 833 1025 imperium
861 957 977 1019 fuit,
1005 970 1053 1007 et
1081 955 1218 1023 quod
1244 953 1377 1004 bona
1403 953 1609 1004 haberet
1635 952 1841 1003 exordia

178 1028 276 1078 nisi
302 1029 362 1079 ad
391 1030 707 1081 severitatem
742 1032 1038 1098 propensior
1081 1029 1352 1079 videretur.
1429 1025 1632 1076 Insidiis
1667 1038 1841 1075 tamen

180 1100 403 1152 Othonis
428 1103 628 1154 occisus
654 1115 730 1154 est
757 1103 956 1170 imperii
983 1118 1156 1152 mense
1183 1100 1400 1168 septimo
1426 1099 1476 1149 in
1499 1100 1611 1149 foro
1634 1098 1843 1159 Romae‚

178 1175 510 1242 sepultusque
537 1175 589 1226 in
613 1175 773 1227 hortis
800 1177 922 1238 suis,
950 1178 1038 1245 qui
1064 1186 1183 1226 sunt
1211 1169 1423 1224 Aurelia
1456 1170 1537 1222 vi‘a
1561 1189 1665 1222 non
1691 1170 1844 1241 longe

177 1246 240 1298 ab
267 1247 390 1298 urbe
417 1245 604 1299 Rom'a.

250 1319 413 1382 Otho,
437 1322 606 1373 occiso
635 1319 822 1383 Galba,
848 1319 1030 1372 invasit
1054 1319 1347 1388 imperium,
1387 1328 1617 1368 materno
1661 1333 1847 1386 genere

180 1394 398 1446 nobilior
419 1393 574 1463 quam
597 1406 826 1464 patern0,
853 1405 1036 1444 neutro
1062 1409 1234 1444 tamen
1259 1392 1492 1443 obscum.
1567 1390 1629 1440 In
1655 1388 1848 1458 privata

181 1466 285 1519 vit'a
304 1469 507 1530 mollis;
548 1469 599 1518 in
627 1468 841 1535 imperio
856 1468 1227 1519 documentum
1254 1465 1332 1516 sui
1357 1482 1462 1514 non
1489 1463 1654 1531 potuit
1676 1476 1847 1514 osten-

183 1542 322 1602 dere,
347 1559 465 1592 nam
491 1540 610 1593 cum
637 1541 817 1591 iisdem
843 1539 1177 1608 temporibus,
1214 1538 1400 1606 quibus
1438 1535 1584 1588 Otho
1625 1535 1849 1587 Galbam

182 1615 456 1675 occiderat,
482 1615 635 1665 etiam
652 1615 898 1665 Vitellius
923 1613 1089 1665 factus
1116 1624 1247 1664 esset
1273 1630 1301 1662 a
1329 1609 1682 1662 Germaniacis
1708 1627 1852 1661 exer-

182 1687 368 1739 citibus
393 1688 686 1755 imperator,
713 1687 848 1738 bello
888 1698 1065 1737 contra
1107 1703 1227 1736 eum
1265 1695 1521 1752 suscepte,
1548 1681 1670 1734 cnm
1712 1685 1852 1751 apud

184 1760 489 1812 Bebriacum
509 1762 592 1811 ain
642 1759 785 1812 Italia
827 1760 925 1810 levi
975 1759 1152 1828 praelio
1201 1757 1365 1810 victus
1415 1767 1567 1818 esset,
1619 1756 1850 1825 ingentes

186 1847 357 1885 tamen
382 1833 552 1901 copias
575 1834 801 1896 haberet,
827 1845 1007 1900 sponte
1034 1832 1366 1899 semetipsum
1397 1830 1606 1892 occidit,
1634 1830 1851 1897 petenti-

183 1909 281 1959 bus
307 1907 557 1958 militibus
590 1925 653 1958 ne
681 1919 784 1958 tam
811 1904 916 1958 cito
943 1906 1006 1956 de
1030 1905 1152 1956 belli
1178 1905 1466 1974 desperaret
1492 1915 1698 1964 eventu,
1727 1902 1848 1955 cum

186 1981 316 2031 tanti
364 1998 468 2031 non
519 1997 628 2031 esse
676 1980 904 2041 dixisset,
949 1991 1005 2029 ut
1033 1990 1240 2047 propter
1289 1994 1409 2028 eum
1462 1976 1610 2027 civile
1660 1975 1855 2029 bellum
1934 2017 1937 2019 .

188 2066 611 2107 commoveretur.
685 2050 994 2103 Voluntaria
1019 2066 1182 2102 morte
1208 2049 1334 2101 obiit
1379 2049 1642 2119 trigesimo
1678 2062 1730 2101 et
1767 2059 1857 2100 'oc-

186 2132 305 2179 tavo
330 2127 491 2178 aetatis
517 2143 669 2187 anun,
695 2125 1026 2195 nonagesimo
1053 2137 1104 2175 et
1128 2125 1310 2192 quinto
1335 2124 1536 2190 imperii
1559 2123 1659 2173 die.

260 2200 399 2252 Dein
441 2200 684 2251 Vitellius
727 2199 941 2268 imperio
990 2199 1183 2266 potitus
1236 2210 1331 2257 est,
1379 2194 1570 2246 familia
1608 2193 1857 2245 honorata

189 2271 352 2343 magis
394 2272 550 2341 quam
595 2272 773 2336 nobili,
814 2289 933 2322 nam
974 2284 1116 2339 pater
1142 2271 1253 2341 ejus
1279 2287 1383 2320 non
1408 2269 1691 2319 admodum
1718 2266 1852 2319 clare

190 2359 359 2408 natus,
407 2359 508 2397 tres
546 2358 716 2397 tamen
753 2344 1033 2397 ordinarios
1072 2355 1294 2414 gesserat
1345 2343 1656 2393 consulatus.
1751 2339 1857 2391 Hie

192 2436 310 2470 cum
338 2420 502 2470 multo
529 2420 775 2471 dedecore
802 2418 1087 2488 imperavit,
1116 2431 1164 2468 et
1203 2414 1343 2487 gravi
1369 2413 1559 2467 saevitia
1602 2414 1859 2476 notabili8‚

256 2599 504 2654 Consumpta
521 2602 595 2650 est,
616 2609 706 2638 was
727 2593 912 2638 extinct.
1050 2591 1187 2649 Italy,
1240 2590 1446 2635 between
1499 2587 1730 2632 Cremona
1770 2589 1861 2632 and

250 2655 558 2714 Antiquissima:
596 2654 840 2707 nobilitatis,
881 2650 930 2695 of
968 2665 995 2695 a
1051 2652 1250 2694 Verona.

194 2731 302 2773 very
324 2716 505 2759 ancient
528 2713 615 2756 and
640 2713 775 2755 noble
818 2710 992 2768 lamily‚
1118 2710 1271 2753 Tamen
1293 2708 1478 2761 haberet,
1494 2706 1670 2762 though
1686 2706 1743 2749 he
1769 2705 1859 2749 still

194 2776 274 2820 the
295 2774 451 2830 family
474 2772 526 2815 of
543 2773 618 2815 the
641 2769 836 2827 Sulpitii.
1064 2768 1169 2812 had.

252 2835 512 2883 Βεὺνὶαωηι,
549 2830 813 2874 Bebriacum
845 2843 910 2883 or,
944 2841 993 2871 as
1116 2828 1244 2871 Tanti
1281 2840 1362 2868 non
1395 2839 1490 2878 esse,
1529 2824 1630 2868 that
1666 2822 1726 2867 he
1764 2836 1857 2869 was

196 2894 232 2938 it
252 2894 289 2938 is
311 2907 411 2935 now
434 2889 592 2943 called,
612 2890 806 2942 Caneto,
827 2902 853 2929 a
875 2897 994 2930 town
1057 2896 1137 2931 not
1159 2886 1210 2928 of
1227 2899 1274 2929 so
1298 2885 1434 2927 much
1455 2895 1782 2941 consequence.

195 2954 244 2996 in
299 2952 379 2996 the
431 2951 581 3006 ducby
622 2949 674 2991 of
718 2949 912 2992 Mantua
950 2946 998 2989 in
1120 2944 1364 2991 ordinarios
1401 2943 1651 2995 consulatu8‚
1684 2939 1861 2999 regular
