1978 3226
742 123 926 166 LIBER
960 123 1207 168 PRIMUS.
1740 133 1791 171 ll

198 239 276 291 Ita
301 241 495 309 primus
521 259 684 294 annus
711 243 939 311 quinque
982 245 1219 295 consules
1263 243 1440 295 habuit
1463 265 1479 306 ;
1518 244 1639 296 cum
1665 245 1794 296 Tar-

125 312 332 380 quinius
375 314 661 366 Collatinus
691 317 813 366 urbe
841 316 1069 368 cessisset
1116 328 1322 384 propter
1360 335 1567 378 nornen,
1606 317 1796 370 Brutus

126 386 301 453 praelio
340 388 587 455 periisset,
627 388 844 456 Spurius
883 388 1154 440 Lucretius
1181 390 1360 440 morbo
1390 403 1625 442 mortuus
1647 402 1795 442 esset.

199 457 439 510 Secundo
462 479 668 528 quoque
685 480 817 512 anno
835 462 1019 512 iterum
1040 461 1375 529 Tarquinius,
1405 475 1461 512 ut
1487 464 1797 530 reciperetur

128 527 180 579 in
205 547 441 597 regnum,
480 534 672 584 bellum
713 534 964 585 Romanis
1003 535 1193 596 intulit,
1234 535 1482 586 auxilium
1513 537 1559 586 ei
1597 535 1795 587 ferente

127 600 371 666 Porsena,
395 605 638 672 Thusciae
667 625 804 676 rege,
847 620 896 658 et
923 607 1149 658 Romam
1187 606 1319 677 pene
1363 608 1515 676 cepit.
1590 608 1794 660 Verum

129 686 239 725 tum
268 695 474 745 quoque
501 680 664 731 victus
693 692 785 730 est.

197 747 378 801 Tertio
395 769 527 802 anno
546 765 658 820 post
679 769 823 822 reges
845 765 1069 814 exactOS,
1095 752 1432 819 TarquiniuS,
1456 752 1578 804 cum
1605 753 1794 821 suscipi

129 836 232 871 non
259 836 430 890 posset
456 824 506 874 in
533 843 769 895 regnum,
798 843 964 893 neque
991 826 1037 875 ei
1062 825 1307 887 Porsena,
1336 826 1424 894 qui
1452 843 1629 895 pacem
1673 844 1794 878 cum

129 892 380 947 Romanis
406 897 614 960 fecerat,
642 899 888 948 auxilium
917 898 1502 966 praestaret,Tusculum
1530 916 1582 949 se
1611 912 1795 951 contu-

127 965 203 1030 lit,
245 986 359 1035 quae
403 971 581 1022 civitas
628 989 731 1021 non
772 970 922 1039 longe
962 970 1023 1021 ab
1070 971 1193 1022 urbe
1234 983 1352 1032 est3
1405 986 1558 1040 atque
1597 971 1666 1023 ibi
1705 990 1794 1042 per

126 1043 515 1105 quatuordecim
543 1061 700 1094 annos
729 1045 951 1111 privatus
979 1061 1098 1094 cum
1128 1061 1284 1094 uxore
1314 1044 1588 1112 persenuit.

200 1113 402 1182 Quarto
429 1135 561 1166 anno
588 1130 702 1184 post
729 1134 872 1185 reges
900 1129 1124 1178 exact03,
1158 1115 1279 1168 curn
1323 1118 1497 1168 Sabini
1543 1117 1794 1169 Romanis

127 1182 318 1237 bellum
369 1188 678 1250 intulissent,
727 1190 847 1240 victi
886 1201 1039 1250 sunt;
1091 1201 1142 1240 et
1180 1190 1242 1239 de
1284 1189 1362 1241 his
1397 1206 1472 1241 est
1512 1190 1796 1258 triumpha-

129 1268 258 1309 tum.

200 1331 401 1401 Quinto
429 1351 561 1384 anno
588 1333 782 1385 Lucius
798 1333 1058 1392 ValeriuS‚
1080 1333 1163 1384 ille
1186 1333 1333 1384 Bruti
1355 1334 1549 1404 collega
1574 1346 1626 1385 et
1647 1352 1795 1402 quar-

127 1414 238 1454 tum
266 1408 466 1466 consul,
491 1405 712 1457 fataliter
738 1419 970 1456 mortuus
998 1420 1092 1466 est,
1116 1403 1244 1457 adeo
1268 1425 1476 1475 pauper,
1499 1420 1573 1468 ut,
1600 1408 1796 1459 collatis

127 1493 155 1526 a
206 1479 399 1545 populo
443 1481 689 1542 nummis,
729 1491 994 1547 sumptum
1035 1479 1269 1530 habuerit
1309 1482 1602 1549 sepulturae,
1641 1498 1797 1549 quem
1846 1524 1852 1531 s

127 1562 393 1613 matronae,
422 1552 552 1603 sicut
572 1553 811 1614 Brutum,
839 1569 1030 1602 annum
1057 1554 1312 1603 luxerunt.

198 1621 357 1673 Nono
385 1642 517 1676 anno
562 1638 677 1693 post
716 1643 859 1693 reges
902 1636 1124 1686 exactos,
1165 1623 1284 1676 cum
1315 1641 1470 1694 gener
1507 1624 1798 1693 Tarquinii,

129 1693 190 1744 ad
217 1695 455 1766 injuriam
477 1700 637 1748 soceri
664 1699 1039 1758 vindicandam,
1067 1699 1327 1767 ingentem
1348 1699 1634 1766 collegisset
1655 1716 1800 1749 exer-

128 1767 308 1830 citum,
348 1788 476 1820 nova
521 1771 708 1822 Romae
751 1772 969 1841 dignitas
1015 1785 1090 1822 est
1133 1785 1317 1831 creata,
1363 1789 1477 1838 quae
1528 1770 1800 1822 Dictatura

127 1843 430 1909 appellatur,
455 1845 618 1913 major
644 1843 800 1912 quam
845 1845 1154 1895 consulatus.
1230 1844 1426 1894 Eodem
1469 1861 1602 1894 anno
1646 1844 1799 1895 etiarn

130 1913 369 1983 magister
402 1917 635 1984 equitum
676 1917 840 1968 factus
880 1929 974 1978 est,
1014 1917 1101 1984 qui
1143 1917 1375 1968 dictatori
1414 1918 1796 1984 obsequeretur.

128 1983 367 2038 Dictator
417 2002 590 2040 autem
638 1989 825 2040 Romae
876 1990 1071 2056 primus
1113 1988 1213 2040 fuit
1253 1989 1494 2052 Lartiu33
1559 1990 1802 2060 magister

129 2059 363 2126 equitum
388 2062 583 2129 primus
607 2061 826 2131 Spurius
853 2062 1078 2113 Cassius.

198 2131 563 2185 Sextodecimo
604 2154 738 2185 anno
777 2147 892 2203 post
933 2153 1075 2205 reges
1112 2146 1336 2196 exactos,
1379 2134 1680 2184 seditionem
1707 2151 1799 2203 po·

129 2205 281 2270 pulus
326 2205 512 2260 Romae
558 2207 699 2269 fecit,
749 2219 992 2276 tanquam
1033 2227 1059 2258 a
1099 2221 1277 2257 senatu
1322 2220 1475 2275 atque
1503 2207 1798 2260 consulibus

128 2291 460 2343 premeretur.
559 2281 702 2345 Tum
741 2294 790 2331 et
838 2281 946 2348 ipse
998 2281 1091 2331 sibi
1144 2280 1374 2331 tribunos
1424 2280 1604 2348 plebis,
1653 2281 1799 2348 quasi

126 2351 359 2418 proprios
389 2352 604 2422 'judices
643 2367 694 2404 et
735 2353 1048 2415 defensores,
1087 2354 1292 2415 creavit,
1333 2371 1422 2422 per
1458 2371 1588 2421 quos
1626 2366 1802 2406 contra

127 2436 361 2475 senatum
388 2438 437 2476 et
462 2427 698 2478 consules
725 2439 868 2479 tutus
895 2444 1005 2478 esse
1036 2438 1223 2498 posset.

189 2654 262 2707 Εἰ,
283 2663 330 2699 to
348 2654 564 2714 Tarquin.
995 2655 1111 2698 from
1128 2656 1288 2706 Rome,
1306 2667 1407 2697 now
1421 2652 1562 2697 called
1588 2652 1797 2696 Frescati.

186 2714 292 2757 Post
335 2729 454 2770 reges
493 2720 670 2766 exactos,
703 2713 817 2757 after
857 2712 935 2756 the
1054 2715 1183 2765 Sicut,
1205 2714 1402 2756 luserant
1424 2710 1713 2755 understood.

124 2769 340 2815 abolition
361 2772 507 2816 ofthe
533 2771 687 2829 kingly
712 2786 875 2828 power.
1058 2773 1269 2828 Tanquam
1322 2778 1603 2827 premeretur,
1662 2769 1802 2828 alleg-

185 2830 417 2883 Tusculum‚
435 2831 793 2884 toTusculum,a
811 2841 931 2874 town
995 2830 1074 2888 ing
1098 2834 1196 2873 that
1219 2833 1327 2887 they
1351 2845 1463 2873 were
1485 2829 1742 2888 oppressed.

123 2886 177 2932 of
196 2889 395 2946 Latium,
430 2889 568 2934 about
602 2889 762 2933 twelve
794 2889 929 2934 miles
1052 2890 1168 2947 Ipse,
1192 2891 1268 2933 the
1291 2888 1466 2947 people.
