1978 3226
719 136 905 180 LIBER.
939 134 1184 178 PRIMUS,
1725 139 1778 176 13

199 257 413 311 Caesone
465 258 621 310 Fabio
661 270 710 308 et
750 257 874 308 Tito
917 256 1178 342 Virginio
1201 254 1519 316 consulibus,
1571 257 1781 307 trecenti

128 332 323 383 nobiles
340 332 589 394 homines,
615 333 704 399 qui
731 350 791 381 ex
819 329 972 382 Fabia
995 326 1186 380 familia
1212 341 1371 391 erant,
1399 343 1572 380 contra
1590 328 1785 398 Vejen·

129 417 205 456 tes
231 405 421 456 bellum
448 404 540 456 soli
558 417 905 473 susceperunt,
931 404 1282 472 promittentes
1304 403 1499 452 senatui
1522 414 1570 452 et
1597 403 1786 470 populo

129 495 220 545 per
247 495 298 529 se
324 495 474 529 omne
492 490 746 529 certamen
768 477 1102 545 implendum.
1179 475 1358 542 Itaque
1375 474 1591 542 profecti
1611 492 1788 525 omnes
1839 540 1852 543 μ

130 550 343 611 nobiles,
369 565 419 602 et
445 551 533 618 qui
574 551 759 619 singuli
796 567 1099 619 magnorum
1138 549 1456 599 exercituum
1489 548 1646 597 duces
1681 565 1789 598 esse

132 623 394 687 deberent,
422 625 471 674 in
499 625 672 691 praelio
698 624 1045 683 conciderunt.
1120 621 1277 672 Unus
1305 621 1514 671 omnino
1540 620 1790 688 superfuit

133 714 193 746 ex
219 696 358 747 tanta
383 695 592 756 familia,
619 697 709 764 qui
750 711 957 766 propter
1000 708 1202 746 aetatem
1241 695 1487 761 puerilem
1529 693 1648 744 duci
1690 711 1791 743 non

137 781 369 852 potuerat
396 771 458 820 ad
484 787 727 840 pugnam.
802 769 926 820 Post
970 769 1079 819 haec
1122 784 1323 818 census
1338 768 1390 817 in
1431 766 1553 816 urbe
1591 766 1794 816 habitus

131 856 227 903 est,
267 855 317 893 et
338 843 540 894 inventa
569 856 688 894 sunt
723 843 911 895 civium
939 841 1165 910 capitum
1191 853 1399 923 centum
1439 839 1795 890 novemdecim

134 915 307 967 millia.

206 987 455 1057 Sequenti
480 1006 634 1049 anno,
659 1005 779 1040 cum
819 988 871 1037 in
900 987 1089 1057 Algido
1134 998 1307 1036 monte
1336 985 1396 1036 ab
1440 985 1563 1036 urbe
1603 986 1797 1035 duode-

134 1061 269 1112 cimo
296 1061 456 1113 ferme
483 1062 715 1112 milliario
739 1061 1009 1120 Romanus
1038 1059 1354 1110 obsideretur
1382 1060 1653 1119 exercitus,
1691 1059 1798 1109 Lu·

135 1135 242 1186 cius
271 1134 517 1205 Quintius
544 1134 879 1186 Cincinnatus
906 1135 1120 1185 dictator
1147 1145 1222 1183 est
1250 1131 1443 1215 factus3
1485 1132 1592 1198 qui,
1621 1150 1799 1202 agrum

139 1222 358 1275 quatuor
402 1210 643 1279 jugerum
693 1207 975 1276 possidens,
1025 1205 1258 1256 manibus
1299 1206 1400 1256 suis
1440 1204 1608 1256 coleb
1601 1218 1651 1254 t.
1728 1205 1799 1265 Is,

137 1298 256 1332 cum
298 1281 349 1331 in
394 1300 545 1350 opere
597 1293 648 1331 et
692 1299 835 1332 arans
881 1293 1012 1332 esset
1055 1280 1310 1338 inventuS,
1355 1279 1539 1329 sudore
1582 1280 1799 1340 deterso,

138 1367 309 1436 tog-am
336 1367 632 1423 praetextam
659 1354 882 1459 accepit3
923 1367 992 1416 et,
1019 1354 1162 1404 caesis
1186 1351 1436 1412 hostibus,
1464 1352 1692 1402 liberavit
1715 1370 1799 1401 ex-

136 1429 368 1479 ercitum.

213 1504 372 1551 Anno
398 1487 752 1551 trecentesimo
780 1511 828 1550 et
856 1499 1011 1549 altero
1040 1497 1101 1548 ab
1127 1497 1250 1548 urbe
1278 1495 1543 1559 εοιιάὶιὲι,
1530 1499 1801 1565 imperium

140 1575 402 1625 consulare
430 1574 676 1634 cessavit3
716 1586 766 1622 et
793 1590 884 1640 pro
906 1571 1105 1622 duobus
1129 1570 1423 1622 consulibus
1464 1572 1642 1621 decem
1680 1569 1803 1621 facti

140 1660 278 1720 sunt,
305 1647 393 1715 qui
421 1664 673 1698 summam
703 1658 1003 1713 potestatem
1030 1644 1292 1705 haberent,
1317 1643 1612 1695 Decemviri
1639 1643 1803 1694 nomi-

140 1720 264 1773 nati
338 1719 441 1771 Sed
468 1737 589 1772 cum
615 1719 690 1788 pri
678 1737 780 1769 mo
809 1737 941 1770 anno
967 1718 1095 1769 bene
1123 1717 1363 1788 egissent,
1401 1718 1626 1769 secundo
1670 1735 1802 1769 unus

204 1957 276 2000 Ex
318 1953 449 2000 Fabia
469 1953 657 2014 familici,
687 1954 739 1997 of
767 1955 844 1997 the
879 1954 944 1997 fa-
1001 1952 1155 1996 Volsci
1177 1952 1266 1996 and
1287 1953 1436 2012 AEqui.

146 2016 254 2073 mily
296 2017 343 2058 of
382 2017 458 2058 the
487 2014 632 2068 Fabii,
663 2028 750 2056 one
784 2015 838 2057 of
866 2014 944 2056 the

146 2084 264 2118 most
315 2073 561 2117 illustrious
601 2071 688 2116 and
730 2071 945 2130 powerful

145 2133 338 2178 families
360 2132 411 2176 of
429 2134 586 2176 Rome.

200 2193 478 2248 Implendum,
500 2190 661 2234 should
681 2191 732 2234 be
744 2203 944 2234 success

145 2252 255 2306 sully
278 2250 448 2295 carried
470 2264 544 2293 on.

206 2311 356 2374 Itaque
388 2310 574 2367 profecti
607 2310 676 2363 ᾁσ.
719 2309 797 2352 the
837 2322 945 2351 con-

149 2372 394 2418 struction3
428 2367 582 2425 Itaque
602 2383 737 2411 omnes
760 2368 805 2410 hi
832 2369 945 2411 nobi-

149 2431 219 2481 les,
259 2436 299 2471 et
339 2427 408 2483 qui
440 2427 599 2483 singuli
633 2428 827 2470 deberent
867 2441 922 2470 es
918 2441 947 2469 e

148 2494 266 2532 duces
287 2500 536 2543 magnorum
566 2487 825 2539 aerenum,
847 2500 948 2542 pro-

130 2549 263 2604 fecti,
283 2545 579 2588 conciderunt
563 2561 609 2588 ιη
631 2545 746 2588 bello.

206 2605 379 2663 Algido,
409 2603 618 2663 Algidus,
649 2616 676 2645 a
710 2601 946 2646 mountain

148 2664 202 2708 of
216 2665 412 2717 Latium,
436 2677 534 2706 now
556 2661 699 2706 called
715 2663 864 2705 Rocca
877 2661 945 2704 del

148 2725 212 2768 Pa
247 2738 286 2766 a.

208 2737 492 2836 (gbsideretur,
525 2780 734 2840 besieged
769 2779 827 2836 by
869 2778 947 2822 the

268 2884 448 2939 Eutrop.

1069 2013 1221 2069 Togam
1233 2019 1498 2069 praetextam,
1512 2012 1652 2070 along
1669 2013 1804 2057 white

1007 2070 1111 2114 robe
1135 2072 1309 2126 fringed
1339 2071 1445 2113 with
1478 2072 1650 2127 purple,
1681 2087 1804 2115 worn

1005 2130 1064 2184 by
1089 2132 1164 2172 the
1197 2109 1322 2172 cliief
1349 2129 1636 2185 magistrates
1667 2144 1716 2173 as
1747 2145 1805 2173 an

1002 2189 1250 2232 honorable
1272 2188 1400 2231 mark
1422 2188 1474 2231 of
1489 2189 1767 2233 distinction.

1061 2248 1127 2290 Ab
1176 2250 1276 2291 urbe
1320 2247 1498 2300 condicti,
1551 2248 1665 2291 from
1726 2250 1804 2293 the

1002 2305 1208 2363 building
1231 2307 1282 2349 of
1297 2308 1374 2348 the
1394 2306 1501 2363 city.

1064 2366 1144 2409 Sed
1161 2381 1248 2409 cum
1267 2368 1340 2419 <Suc
1366 2365 1443 2408 the
1467 2365 1802 2419 construction3

1008 2424 1088 2468 Sed
1107 2428 1199 2466 ciam
1219 2426 1393 2481 egissent
1411 2425 1512 2468 bene
1524 2425 1664 2481 primo
1677 2441 1806 2479 anno,

1009 2486 1184 2526 secundo
1204 2497 1323 2526 anno
1341 2499 1447 2526 unus
1481 2499 1530 2526 ex
1561 2484 1626 2534 iis,
1659 2485 1808 2527 nomi-

1012 2554 1146 2585 natus
1194 2542 1363 2598 Appius
1415 2541 1633 2596 Claudius,
1680 2543 1809 2586 voluit

1006 2617 1262 2658 corrumpe-re
1301 2603 1522 2656 virginem,
1557 2600 1698 2657 filiam
1736 2617 1807 2644 cu-

993 2662 1163 2716 jusdam
1204 2659 1408 2717 Virginei,
1438 2661 1508 2716 qui
1528 2661 1626 2716 jam
1656 2662 1809 2704 milita-

1008 2721 1074 2762 bat
1123 2726 1269 2761 contra
1313 2718 1486 2762 Latinos
1525 2720 1664 2762 honest
1668 2722 1700 2763 is
1738 2727 1810 2762 ste-

1001 2778 1196 2836 pendiis
1183 2794 1226 2821 τη
1249 2786 1381 2822 monte
1400 2778 1569 2836 Algido.

1657 2878 1692 2920 B
1702 2942 1705 2944 i
