<?xml version="1.0" encoding="UTF-8"?>
<!DOCTYPE html PUBLIC "-//W3C//DTD XHTML 1.0 Transitional//EN"
    "http://www.w3.org/TR/xhtml1/DTD/xhtml1-transitional.dtd">
<html xmlns="http://www.w3.org/1999/xhtml" xml:lang="en" lang="en">
 <head>
  <title>
</title>
<meta http-equiv="Content-Type" content="text/html;charset=utf-8" />
  <meta name='ocr-system' content='tesseract 3.04.00' />
  <meta name='ocr-capabilities' content='ocr_page ocr_carea ocr_par ocr_line ocrx_word'/>
</head>
<body>
  <div class='ocr_page' id='page_1' title='image "./historiaeromanae00eutruoft_0106.png"; bbox 0 0 1934 3248; ppageno 0'>
   <div class='ocr_carea' id='block_1_1' title="bbox 132 164 1279 213">
    <p class='ocr_par' dir='ltr' id='par_1_1' title="bbox 132 164 1279 213">
     <span class='ocr_line' id='line_1_1' title="bbox 132 164 1279 213; baseline 0.009 -10"><span class='ocrx_word' id='word_1_1' title='bbox 132 166 188 204; x_wconf 88' lang='grc'>78</span> <span class='ocrx_word' id='word_1_2' title='bbox 633 165 930 211; x_wconf 86' lang='lat' dir='ltr'>EUTROPII</span> <span class='ocrx_word' id='word_1_3' title='bbox 971 164 1279 213; x_wconf 78' lang='lat' dir='ltr'>HISTORIAE</span> 
     </span>
    </p>
   </div>
   <div class='ocr_carea' id='block_1_2' title="bbox 123 278 1789 1879">
    <p class='ocr_par' dir='ltr' id='par_1_2' title="bbox 125 278 1784 643">
     <span class='ocr_line' id='line_1_2' title="bbox 129 278 1782 357; baseline 0.008 -29"><span class='ocrx_word' id='word_1_4' title='bbox 129 278 191 329; x_wconf 88' lang='lat' dir='ltr'>ab</span> <span class='ocrx_word' id='word_1_5' title='bbox 217 279 518 347; x_wconf 84' lang='lat' dir='ltr'>imperatore</span> <span class='ocrx_word' id='word_1_6' title='bbox 544 284 817 336; x_wconf 86' lang='lat' dir='ltr'><strong>discedere.</strong></span> <span class='ocrx_word' id='word_1_7' title='bbox 890 286 1166 356; x_wconf 82' lang='lat' dir='ltr'>Propterea</span> <span class='ocrx_word' id='word_1_8' title='bbox 1191 288 1312 340; x_wconf 68' lang='lat' dir='ltr'>cum</span> <span class='ocrx_word' id='word_1_9' title='bbox 1342 287 1563 357; x_wconf 70' lang='lat' dir='ltr'>quadarn</span> <span class='ocrx_word' id='word_1_10' title='bbox 1603 289 1684 340; x_wconf 90' lang='lat' dir='ltr'>die</span> <span class='ocrx_word' id='word_1_11' title='bbox 1727 288 1782 340; x_wconf 82' lang='lat' dir='ltr'>in</span> 
     </span>
     <span class='ocr_line' id='line_1_3' title="bbox 129 352 1783 431; baseline 0.005 -28"><span class='ocrx_word' id='word_1_12' title='bbox 129 352 277 403; x_wconf 66' lang='lat' dir='ltr'>coena</span> <span class='ocrx_word' id='word_1_13' title='bbox 304 356 593 408; x_wconf 88' lang='lat' dir='ltr'>recordatus</span> <span class='ocrx_word' id='word_1_14' title='bbox 613 357 813 420; x_wconf 87' lang='lat' dir='ltr'>fuisset,</span> <span class='ocrx_word' id='word_1_15' title='bbox 839 359 964 409; x_wconf 84' lang='lat' dir='ltr'>nihil</span> <span class='ocrx_word' id='word_1_16' title='bbox 990 377 1042 411; x_wconf 89' lang='lat' dir='ltr'>se</span> <span class='ocrx_word' id='word_1_17' title='bbox 1067 361 1154 412; x_wconf 92' lang='lat' dir='ltr'>illo</span> <span class='ocrx_word' id='word_1_18' title='bbox 1193 362 1272 412; x_wconf 89' lang='lat' dir='ltr'>die</span> <span class='ocrx_word' id='word_1_19' title='bbox 1309 364 1550 431; x_wconf 83' lang='lat' dir='ltr'>cuiquam</span> <span class='ocrx_word' id='word_1_20' title='bbox 1590 362 1783 428; x_wconf 79' lang='lat' dir='ltr'>praesti-</span> 
     </span>
     <span class='ocr_line' id='line_1_4' title="bbox 128 425 1782 502; baseline 0.007 -28"><span class='ocrx_word' id='word_1_21' title='bbox 128 425 267 485; x_wconf 88' lang='lat' dir='ltr'>tisse,</span> <span class='ocrx_word' id='word_1_22' title='bbox 295 426 438 486; x_wconf 84' lang='lat' dir='ltr'>dixit,</span> <span class='ocrx_word' id='word_1_23' title='bbox 476 440 513 465; x_wconf 79' lang='lat'>‘⁸</span> <span class='ocrx_word' id='word_1_24' title='bbox 535 430 586 480; x_wconf 91' lang='lat' dir='ltr'>O</span> <span class='ocrx_word' id='word_1_25' title='bbox 614 431 782 492; x_wconf 83' lang='lat' dir='ltr'>amici,</span> <span class='ocrx_word' id='word_1_26' title='bbox 807 431 959 482; x_wconf 88' lang='lat' dir='ltr'>hodie</span> <span class='ocrx_word' id='word_1_27' title='bbox 985 433 1119 483; x_wconf 89' lang='lat' dir='ltr'>diem</span> <span class='ocrx_word' id='word_1_28' title='bbox 1147 434 1394 502; x_wconf 88' lang='lat' dir='ltr'>perdidi.’&#39;</span> <span class='ocrx_word' id='word_1_29' title='bbox 1465 433 1568 485; x_wconf 89' lang='lat' dir='ltr'>Hic</span> <span class='ocrx_word' id='word_1_30' title='bbox 1596 434 1782 485; x_wconf 85' lang='lat' dir='ltr'>Rornae</span> 
     </span>
     <span class='ocr_line' id='line_1_5' title="bbox 125 498 1784 573; baseline 0.007 -27"><span class='ocrx_word' id='word_1_31' title='bbox 125 498 552 564; x_wconf 83' lang='lat' dir='ltr'>amphitheatrum</span> <span class='ocrx_word' id='word_1_32' title='bbox 592 502 880 565; x_wconf 81' lang='lat' dir='ltr'>aedificavit,</span> <span class='ocrx_word' id='word_1_33' title='bbox 918 516 970 555; x_wconf 92' lang='lat' dir='ltr'>et</span> <span class='ocrx_word' id='word_1_34' title='bbox 1006 506 1233 573; x_wconf 89' lang='lat' dir='ltr'>quinque</span> <span class='ocrx_word' id='word_1_35' title='bbox 1270 507 1426 557; x_wconf 89' lang='lat' dir='ltr'>millia</span> <span class='ocrx_word' id='word_1_36' title='bbox 1464 506 1690 558; x_wconf 84' lang='lat' dir='ltr'>ferarum</span> <span class='ocrx_word' id='word_1_37' title='bbox 1729 507 1784 558; x_wconf 76' lang='lat' dir='ltr'>in</span> 
     </span>
     <span class='ocr_line' id='line_1_6' title="bbox 128 570 809 643; baseline 0.013 -25"><span class='ocrx_word' id='word_1_38' title='bbox 128 570 446 623; x_wconf 85' lang='lat' dir='ltr'>dedicatione</span> <span class='ocrx_word' id='word_1_39' title='bbox 472 575 581 643; x_wconf 86' lang='lat' dir='ltr'>ejus</span> <span class='ocrx_word' id='word_1_40' title='bbox 606 575 809 627; x_wconf 89' lang='lat' dir='ltr'>occidit.</span> 
     </span>
    </p>

    <p class='ocr_par' dir='ltr' id='par_1_3' title="bbox 126 641 1787 1282">
     <span class='ocr_line' id='line_1_7' title="bbox 195 641 1781 718; baseline 0.005 -26"><span class='ocrx_word' id='word_1_41' title='bbox 195 641 296 693; x_wconf 89' lang='lat' dir='ltr'>Per</span> <span class='ocrx_word' id='word_1_42' title='bbox 320 645 428 696; x_wconf 83' lang='lat' dir='ltr'>haec</span> <span class='ocrx_word' id='word_1_43' title='bbox 467 646 707 697; x_wconf 89' lang='lat' dir='ltr'>inusitato</span> <span class='ocrx_word' id='word_1_44' title='bbox 732 647 903 697; x_wconf 90' lang='lat' dir='ltr'>favore</span> <span class='ocrx_word' id='word_1_45' title='bbox 946 647 1182 711; x_wconf 78' lang='lat' dir='ltr'>dilectuS,</span> <span class='ocrx_word' id='word_1_46' title='bbox 1220 649 1401 699; x_wconf 82' lang='lat' dir='ltr'>morbo</span> <span class='ocrx_word' id='word_1_47' title='bbox 1427 651 1576 718; x_wconf 89' lang='lat' dir='ltr'>periit</span> <span class='ocrx_word' id='word_1_48' title='bbox 1612 649 1664 700; x_wconf 89' lang='lat' dir='ltr'>in</span> <span class='ocrx_word' id='word_1_49' title='bbox 1702 648 1781 712; x_wconf 60' lang='lat' dir='ltr'>eci,</span> 
     </span>
     <span class='ocr_line' id='line_1_8' title="bbox 127 712 1783 792; baseline 0.005 -28"><span class='ocrx_word' id='word_1_50' title='bbox 127 712 227 781; x_wconf 65' lang='lat' dir='ltr'>quii</span> <span class='ocrx_word' id='word_1_51' title='bbox 265 730 423 784; x_wconf 87' lang='lat' dir='ltr'>pater,</span> <span class='ocrx_word' id='word_1_52' title='bbox 450 717 585 781; x_wconf 70' lang='lat' dir='ltr'>villa,</span> <span class='ocrx_word' id='word_1_53' title='bbox 612 731 726 786; x_wconf 88' lang='lat' dir='ltr'>post</span> <span class='ocrx_word' id='word_1_54' title='bbox 749 719 1031 782; x_wconf 81' lang='lat' dir='ltr'>biennium,</span> <span class='ocrx_word' id='word_1_55' title='bbox 1063 738 1264 771; x_wconf 86' lang='lat' dir='ltr'>menses</span> <span class='ocrx_word' id='word_1_56' title='bbox 1288 731 1425 782; x_wconf 89' lang='lat' dir='ltr'>oct0,</span> <span class='ocrx_word' id='word_1_57' title='bbox 1453 723 1559 773; x_wconf 89' lang='lat' dir='ltr'>dies</span> <span class='ocrx_word' id='word_1_58' title='bbox 1585 722 1783 792; x_wconf 81' lang='lat' dir='ltr'>viginti,</span> 
     </span>
     <span class='ocr_line' id='line_1_9' title="bbox 128 787 1782 862; baseline 0.005 -25"><span class='ocrx_word' id='word_1_59' title='bbox 128 787 283 854; x_wconf 73' lang='lat' dir='ltr'>quam</span> <span class='ocrx_word' id='word_1_60' title='bbox 309 790 580 859; x_wconf 86' lang='lat' dir='ltr'>imperator</span> <span class='ocrx_word' id='word_1_61' title='bbox 605 807 710 842; x_wconf 89' lang='lat' dir='ltr'>erat</span> <span class='ocrx_word' id='word_1_62' title='bbox 737 792 921 854; x_wconf 88' lang='lat' dir='ltr'>factus,</span> <span class='ocrx_word' id='word_1_63' title='bbox 946 794 1109 843; x_wconf 80' lang='lat' dir='ltr'>aetatis</span> <span class='ocrx_word' id='word_1_64' title='bbox 1137 811 1267 843; x_wconf 80' lang='lat' dir='ltr'>anno</span> <span class='ocrx_word' id='word_1_65' title='bbox 1295 795 1452 844; x_wconf 90' lang='lat' dir='ltr'>altero</span> <span class='ocrx_word' id='word_1_66' title='bbox 1476 807 1526 845; x_wconf 83' lang='lat' dir='ltr'>et</span> <span class='ocrx_word' id='word_1_67' title='bbox 1569 796 1782 862; x_wconf 86' lang='lat' dir='ltr'>quadra-</span> 
     </span>
     <span class='ocr_line' id='line_1_10' title="bbox 126 861 1783 932; baseline 0.005 -23"><span class='ocrx_word' id='word_1_68' title='bbox 126 861 337 927; x_wconf 82' lang='lat' dir='ltr'>gesimo.</span> <span class='ocrx_word' id='word_1_69' title='bbox 412 863 613 914; x_wconf 87' lang='lat' dir='ltr'>Tantus</span> <span class='ocrx_word' id='word_1_70' title='bbox 640 866 807 916; x_wconf 89' lang='lat' dir='ltr'>luctus</span> <span class='ocrx_word' id='word_1_71' title='bbox 835 882 895 915; x_wconf 92' lang='lat' dir='ltr'>eo</span> <span class='ocrx_word' id='word_1_72' title='bbox 917 879 1119 917; x_wconf 86' lang='lat' dir='ltr'>mortuo</span> <span class='ocrx_word' id='word_1_73' title='bbox 1141 866 1375 932; x_wconf 86' lang='lat' dir='ltr'>publicus</span> <span class='ocrx_word' id='word_1_74' title='bbox 1392 866 1510 928; x_wconf 85' lang='lat' dir='ltr'>fuit,</span> <span class='ocrx_word' id='word_1_75' title='bbox 1531 878 1587 917; x_wconf 89' lang='lat' dir='ltr'>ut</span> <span class='ocrx_word' id='word_1_76' title='bbox 1606 884 1783 918; x_wconf 85' lang='lat' dir='ltr'>omnes</span> 
     </span>
     <span class='ocr_line' id='line_1_11' title="bbox 126 936 1786 1005; baseline 0.006 -24"><span class='ocrx_word' id='word_1_77' title='bbox 126 946 369 1000; x_wconf 83' lang='lat' dir='ltr'>tanquam</span> <span class='ocrx_word' id='word_1_78' title='bbox 415 936 466 986; x_wconf 87' lang='lat' dir='ltr'>in</span> <span class='ocrx_word' id='word_1_79' title='bbox 507 936 712 1005; x_wconf 69' lang='lat' dir='ltr'>propria</span> <span class='ocrx_word' id='word_1_80' title='bbox 753 938 1009 989; x_wconf 85' lang='lat' dir='ltr'>doluerint</span> <span class='ocrx_word' id='word_1_81' title='bbox 1052 938 1285 991; x_wconf 85' lang='lat' dir='ltr'>orbitate.</span> <span class='ocrx_word' id='word_1_82' title='bbox 1360 938 1598 1001; x_wconf 86' lang='lat' dir='ltr'>Senatus,</span> <span class='ocrx_word' id='word_1_83' title='bbox 1640 939 1786 991; x_wconf 89' lang='lat' dir='ltr'>obitu</span> 
     </span>
     <span class='ocr_line' id='line_1_12' title="bbox 126 1007 1785 1079; baseline 0.006 -26"><span class='ocrx_word' id='word_1_84' title='bbox 126 1007 283 1071; x_wconf 78' lang='lat' dir='ltr'>ipsius</span> <span class='ocrx_word' id='word_1_85' title='bbox 311 1009 442 1063; x_wconf 82' lang='lat' dir='ltr'>circa</span> <span class='ocrx_word' id='word_1_86' title='bbox 468 1027 728 1077; x_wconf 89' lang='lat' dir='ltr'>vesperam</span> <span class='ocrx_word' id='word_1_87' title='bbox 756 1010 1009 1071; x_wconf 84' lang='lat' dir='ltr'>nuntiato,</span> <span class='ocrx_word' id='word_1_88' title='bbox 1056 1025 1207 1062; x_wconf 86' lang='lat' dir='ltr'>nocte</span> <span class='ocrx_word' id='word_1_89' title='bbox 1248 1012 1430 1079; x_wconf 83' lang='lat' dir='ltr'>irrupit</span> <span class='ocrx_word' id='word_1_90' title='bbox 1475 1013 1527 1063; x_wconf 89' lang='lat' dir='ltr'>in</span> <span class='ocrx_word' id='word_1_91' title='bbox 1572 1013 1785 1074; x_wconf 88' lang='lat' dir='ltr'>curiam,</span> 
     </span>
     <span class='ocr_line' id='line_1_13' title="bbox 127 1083 1786 1152; baseline 0.006 -26"><span class='ocrx_word' id='word_1_92' title='bbox 127 1089 177 1127; x_wconf 91' lang='lat' dir='ltr'>et</span> <span class='ocrx_word' id='word_1_93' title='bbox 201 1092 363 1130; x_wconf 84' lang='lat' dir='ltr'>tantas</span> <span class='ocrx_word' id='word_1_94' title='bbox 391 1083 436 1131; x_wconf 89' lang='lat' dir='ltr'>ei</span> <span class='ocrx_word' id='word_1_95' title='bbox 477 1096 681 1133; x_wconf 88' lang='lat' dir='ltr'>mortuo</span> <span class='ocrx_word' id='word_1_96' title='bbox 723 1084 906 1152; x_wconf 83' lang='lat' dir='ltr'>gratias</span> <span class='ocrx_word' id='word_1_97' title='bbox 952 1085 1231 1151; x_wconf 85' lang='lat' dir='ltr'>laudesque</span> <span class='ocrx_word' id='word_1_98' title='bbox 1269 1086 1543 1152; x_wconf 84' lang='lat' dir='ltr'>congessit,</span> <span class='ocrx_word' id='word_1_99' title='bbox 1571 1098 1786 1152; x_wconf 82' lang='lat' dir='ltr'>quantas</span> 
     </span>
     <span class='ocr_line' id='line_1_14' title="bbox 126 1153 1787 1225; baseline 0.005 -25"><span class='ocrx_word' id='word_1_100' title='bbox 126 1167 222 1201; x_wconf 88' lang='lat' dir='ltr'>nec</span> <span class='ocrx_word' id='word_1_101' title='bbox 248 1153 361 1203; x_wconf 81' lang='lat' dir='ltr'>vivo</span> <span class='ocrx_word' id='word_1_102' title='bbox 389 1172 617 1222; x_wconf 84' lang='lat' dir='ltr'>unquam</span> <span class='ocrx_word' id='word_1_103' title='bbox 643 1168 831 1225; x_wconf 87' lang='lat' dir='ltr'>egerat,</span> <span class='ocrx_word' id='word_1_104' title='bbox 856 1173 951 1207; x_wconf 84' lang='lat' dir='ltr'>nec</span> <span class='ocrx_word' id='word_1_105' title='bbox 976 1157 1229 1224; x_wconf 79' lang='lat' dir='ltr'>praesenti.</span> <span class='ocrx_word' id='word_1_106' title='bbox 1305 1157 1444 1208; x_wconf 88' lang='lat' dir='ltr'>Inter</span> <span class='ocrx_word' id='word_1_107' title='bbox 1488 1158 1631 1209; x_wconf 88' lang='lat' dir='ltr'>divos</span> <span class='ocrx_word' id='word_1_108' title='bbox 1656 1160 1787 1209; x_wconf 88' lang='lat' dir='ltr'>rela-</span> 
     </span>
     <span class='ocr_line' id='line_1_15' title="bbox 128 1236 1777 1282; baseline 0.005 -9"><span class='ocrx_word' id='word_1_109' title='bbox 128 1236 212 1275; x_wconf 88' lang='lat' dir='ltr'>tus</span> <span class='ocrx_word' id='word_1_110' title='bbox 238 1236 332 1275; x_wconf 89' lang='lat' dir='ltr'>est.</span> <span class='ocrx_word' id='word_1_111' title='bbox 1774 1280 1777 1282; x_wconf 80' lang='grc'>.</span> 
     </span>
    </p>

    <p class='ocr_par' dir='ltr' id='par_1_4' title="bbox 123 1296 1789 1879">
     <span class='ocr_line' id='line_1_16' title="bbox 197 1296 1786 1370; baseline 0.004 -24"><span class='ocrx_word' id='word_1_112' title='bbox 197 1296 525 1349; x_wconf 83' lang='lat' dir='ltr'>Domitianus</span> <span class='ocrx_word' id='word_1_113' title='bbox 554 1317 673 1349; x_wconf 86' lang='lat' dir='ltr'>mox</span> <span class='ocrx_word' id='word_1_114' title='bbox 700 1299 894 1368; x_wconf 87' lang='lat' dir='ltr'>accepit</span> <span class='ocrx_word' id='word_1_115' title='bbox 922 1301 1214 1367; x_wconf 88' lang='lat' dir='ltr'>imperium,</span> <span class='ocrx_word' id='word_1_116' title='bbox 1235 1301 1390 1352; x_wconf 83' lang='lat' dir='ltr'>frater</span> <span class='ocrx_word' id='word_1_117' title='bbox 1416 1301 1573 1369; x_wconf 86' lang='lat' dir='ltr'>ipsius</span> <span class='ocrx_word' id='word_1_118' title='bbox 1593 1301 1786 1370; x_wconf 88' lang='lat' dir='ltr'>junior,</span> 
     </span>
     <span class='ocr_line' id='line_1_17' title="bbox 125 1367 1785 1442; baseline 0.003 -23"><span class='ocrx_word' id='word_1_119' title='bbox 125 1367 342 1432; x_wconf 75' lang='lat' dir='ltr'>Neroni,</span> <span class='ocrx_word' id='word_1_120' title='bbox 360 1384 446 1422; x_wconf 86' lang='lat' dir='ltr'>aut</span> <span class='ocrx_word' id='word_1_121' title='bbox 467 1371 733 1441; x_wconf 80' lang='lat' dir='ltr'>Caligulae,</span> <span class='ocrx_word' id='word_1_122' title='bbox 761 1386 849 1423; x_wconf 89' lang='lat' dir='ltr'>aut</span> <span class='ocrx_word' id='word_1_123' title='bbox 873 1372 1084 1423; x_wconf 90' lang='lat' dir='ltr'>Tiberio</span> <span class='ocrx_word' id='word_1_124' title='bbox 1108 1374 1337 1436; x_wconf 82' lang='lat' dir='ltr'>similior,</span> <span class='ocrx_word' id='word_1_125' title='bbox 1366 1373 1520 1442; x_wconf 70' lang='lat' dir='ltr'>quam</span> <span class='ocrx_word' id='word_1_126' title='bbox 1548 1374 1679 1442; x_wconf 84' lang='lat' dir='ltr'>patri</span> <span class='ocrx_word' id='word_1_127' title='bbox 1704 1376 1785 1424; x_wconf 87' lang='lat' dir='ltr'>vel</span> 
     </span>
     <span class='ocr_line' id='line_1_18' title="bbox 123 1441 1782 1515; baseline 0.003 -24"><span class='ocrx_word' id='word_1_128' title='bbox 123 1441 268 1492; x_wconf 79' lang='lat' dir='ltr'>fratri</span> <span class='ocrx_word' id='word_1_129' title='bbox 289 1461 380 1494; x_wconf 89' lang='lat' dir='ltr'>suo</span> <span class='ocrx_word' id='word_1_130' title='bbox 403 1463 415 1495; x_wconf 91' lang='lat'>:</span> <span class='ocrx_word' id='word_1_131' title='bbox 453 1445 626 1512; x_wconf 86' lang='lat' dir='ltr'>primis</span> <span class='ocrx_word' id='word_1_132' title='bbox 653 1456 822 1496; x_wconf 88' lang='lat' dir='ltr'>tamen</span> <span class='ocrx_word' id='word_1_133' title='bbox 849 1446 992 1496; x_wconf 84' lang='lat' dir='ltr'>annis</span> <span class='ocrx_word' id='word_1_134' title='bbox 1019 1448 1310 1498; x_wconf 89' lang='lat' dir='ltr'>moderatus</span> <span class='ocrx_word' id='word_1_135' title='bbox 1333 1448 1386 1496; x_wconf 89' lang='lat' dir='ltr'>in</span> <span class='ocrx_word' id='word_1_136' title='bbox 1412 1447 1624 1515; x_wconf 88' lang='lat' dir='ltr'>imperio</span> <span class='ocrx_word' id='word_1_137' title='bbox 1646 1445 1745 1496; x_wconf 87' lang='lat' dir='ltr'>fuit</span> <span class='ocrx_word' id='word_1_138' title='bbox 1767 1468 1782 1507; x_wconf 82' lang='lat'><em>3</em></span> 
     </span>
     <span class='ocr_line' id='line_1_19' title="bbox 124 1517 1783 1587; baseline 0.004 -23"><span class='ocrx_word' id='word_1_139' title='bbox 124 1532 245 1565; x_wconf 84' lang='lat' dir='ltr'>mox</span> <span class='ocrx_word' id='word_1_140' title='bbox 273 1517 332 1565; x_wconf 90' lang='lat' dir='ltr'>ad</span> <span class='ocrx_word' id='word_1_141' title='bbox 360 1517 584 1585; x_wconf 85' lang='lat' dir='ltr'>ingentia</span> <span class='ocrx_word' id='word_1_142' title='bbox 608 1517 727 1568; x_wconf 88' lang='lat' dir='ltr'>vitia</span> <span class='ocrx_word' id='word_1_143' title='bbox 755 1536 1050 1587; x_wconf 86' lang='lat' dir='ltr'>progressus</span> <span class='ocrx_word' id='word_1_144' title='bbox 1077 1520 1322 1580; x_wconf 85' lang='lat' dir='ltr'>libidinis,</span> <span class='ocrx_word' id='word_1_145' title='bbox 1349 1520 1641 1578; x_wconf 70' lang='lat' dir='ltr'>iracundiae,</span> <span class='ocrx_word' id='word_1_146' title='bbox 1668 1536 1783 1570; x_wconf 88' lang='lat' dir='ltr'>cru-</span> 
     </span>
     <span class='ocr_line' id='line_1_20' title="bbox 126 1588 1789 1654; baseline 0.004 -18"><span class='ocrx_word' id='word_1_147' title='bbox 126 1588 361 1651; x_wconf 79' lang='lat' dir='ltr'>delitatiS,</span> <span class='ocrx_word' id='word_1_148' title='bbox 401 1591 639 1651; x_wconf 78' lang='lat' dir='ltr'>avaritiae,</span> <span class='ocrx_word' id='word_1_149' title='bbox 678 1603 879 1641; x_wconf 87' lang='lat' dir='ltr'>tanturn</span> <span class='ocrx_word' id='word_1_150' title='bbox 920 1591 971 1641; x_wconf 89' lang='lat' dir='ltr'>in</span> <span class='ocrx_word' id='word_1_151' title='bbox 997 1609 1049 1642; x_wconf 88' lang='lat' dir='ltr'>se</span> <span class='ocrx_word' id='word_1_152' title='bbox 1076 1593 1253 1643; x_wconf 88' lang='lat' dir='ltr'>odium</span> <span class='ocrx_word' id='word_1_153' title='bbox 1282 1593 1570 1654; x_wconf 89' lang='lat' dir='ltr'>concitavit,</span> <span class='ocrx_word' id='word_1_154' title='bbox 1596 1603 1653 1642; x_wconf 85' lang='lat' dir='ltr'>ut</span> <span class='ocrx_word' id='word_1_155' title='bbox 1680 1609 1789 1642; x_wconf 85' lang='lat' dir='ltr'>me-</span> 
     </span>
     <span class='ocr_line' id='line_1_21' title="bbox 125 1661 1782 1729; baseline 0.003 -19"><span class='ocrx_word' id='word_1_156' title='bbox 125 1661 220 1711; x_wconf 87' lang='lat' dir='ltr'>rita</span> <span class='ocrx_word' id='word_1_157' title='bbox 252 1663 406 1729; x_wconf 88' lang='lat' dir='ltr'>patris</span> <span class='ocrx_word' id='word_1_158' title='bbox 445 1678 494 1714; x_wconf 92' lang='lat' dir='ltr'>et</span> <span class='ocrx_word' id='word_1_159' title='bbox 533 1662 699 1713; x_wconf 85' lang='lat' dir='ltr'>fratris</span> <span class='ocrx_word' id='word_1_160' title='bbox 742 1664 978 1714; x_wconf 86' lang='lat' dir='ltr'>aboleret.</span> <span class='ocrx_word' id='word_1_161' title='bbox 1056 1664 1317 1716; x_wconf 84' lang='lat' dir='ltr'>Interfecit</span> <span class='ocrx_word' id='word_1_162' title='bbox 1356 1666 1695 1716; x_wconf 89' lang='lat' dir='ltr'>nobilissimos</span> <span class='ocrx_word' id='word_1_163' title='bbox 1721 1682 1782 1715; x_wconf 79' lang='lat' dir='ltr'>ex</span> 
     </span>
     <span class='ocr_line' id='line_1_22' title="bbox 126 1734 1782 1806; baseline 0.003 -23"><span class='ocrx_word' id='word_1_164' title='bbox 126 1746 321 1784; x_wconf 84' lang='lat' dir='ltr'>senatu.</span> <span class='ocrx_word' id='word_1_165' title='bbox 397 1734 684 1786; x_wconf 89' lang='lat' dir='ltr'>Dominum</span> <span class='ocrx_word' id='word_1_166' title='bbox 725 1754 778 1787; x_wconf 93' lang='lat' dir='ltr'>se</span> <span class='ocrx_word' id='word_1_167' title='bbox 818 1750 867 1787; x_wconf 89' lang='lat' dir='ltr'>et</span> <span class='ocrx_word' id='word_1_168' title='bbox 902 1738 1055 1787; x_wconf 89' lang='lat' dir='ltr'>deum</span> <span class='ocrx_word' id='word_1_169' title='bbox 1083 1739 1277 1805; x_wconf 88' lang='lat' dir='ltr'>primus</span> <span class='ocrx_word' id='word_1_170' title='bbox 1323 1739 1564 1806; x_wconf 84' lang='lat' dir='ltr'>appellari</span> <span class='ocrx_word' id='word_1_171' title='bbox 1589 1737 1782 1806; x_wconf 75' lang='lat' dir='ltr'>jussit3</span> 
     </span>
     <span class='ocr_line' id='line_1_23' title="bbox 125 1808 1784 1879; baseline 0.002 -23"><span class='ocrx_word' id='word_1_172' title='bbox 125 1808 320 1857; x_wconf 82' lang='lat' dir='ltr'>nullam</span> <span class='ocrx_word' id='word_1_173' title='bbox 365 1808 459 1858; x_wconf 87' lang='lat' dir='ltr'>sibi</span> <span class='ocrx_word' id='word_1_174' title='bbox 483 1809 580 1858; x_wconf 88' lang='lat' dir='ltr'>nisi</span> <span class='ocrx_word' id='word_1_175' title='bbox 604 1826 806 1859; x_wconf 84' lang='lat' dir='ltr'>auream</span> <span class='ocrx_word' id='word_1_176' title='bbox 835 1821 885 1859; x_wconf 85' lang='lat' dir='ltr'>et</span> <span class='ocrx_word' id='word_1_177' title='bbox 909 1822 1198 1879; x_wconf 85' lang='lat' dir='ltr'>argenteam</span> <span class='ocrx_word' id='word_1_178' title='bbox 1223 1823 1441 1861; x_wconf 83' lang='lat' dir='ltr'>statuam</span> <span class='ocrx_word' id='word_1_179' title='bbox 1469 1812 1521 1860; x_wconf 89' lang='lat' dir='ltr'>in</span> <span class='ocrx_word' id='word_1_180' title='bbox 1548 1810 1784 1878; x_wconf 83' lang='lat' dir='ltr'>capitolio</span> 
     </span>
    </p>
   </div>
   <div class='ocr_carea' id='block_1_3' title="bbox 125 1881 1459 1949">
    <p class='ocr_par' dir='ltr' id='par_1_5' title="bbox 125 1881 1459 1949">
     <span class='ocr_line' id='line_1_24' title="bbox 125 1881 1459 1949; baseline 0.003 -20"><span class='ocrx_word' id='word_1_181' title='bbox 125 1881 247 1947; x_wconf 87' lang='lat' dir='ltr'>poni</span> <span class='ocrx_word' id='word_1_182' title='bbox 288 1898 466 1949; x_wconf 81' lang='lat' dir='ltr'>passus</span> <span class='ocrx_word' id='word_1_183' title='bbox 504 1893 596 1933; x_wconf 88' lang='lat' dir='ltr'>est.</span> <span class='ocrx_word' id='word_1_184' title='bbox 672 1881 1019 1935; x_wconf 86' lang='lat' dir='ltr'>Consobrinos</span> <span class='ocrx_word' id='word_1_185' title='bbox 1047 1900 1166 1934; x_wconf 90' lang='lat' dir='ltr'>suos</span> <span class='ocrx_word' id='word_1_186' title='bbox 1189 1882 1459 1934; x_wconf 86' lang='lat' dir='ltr'>interfecit.</span> 
     </span>
    </p>
   </div>
   <div class='ocr_carea' id='block_1_4' title="bbox 128 1954 960 2020">
    <p class='ocr_par' dir='ltr' id='par_1_6' title="bbox 128 1954 960 2020">
     <span class='ocr_line' id='line_1_25' title="bbox 128 1954 960 2020; baseline 0.002 -17"><span class='ocrx_word' id='word_1_187' title='bbox 128 1971 334 2020; x_wconf 87' lang='lat' dir='ltr'>quoque</span> <span class='ocrx_word' id='word_1_188' title='bbox 358 1954 408 2003; x_wconf 86' lang='lat' dir='ltr'>in</span> <span class='ocrx_word' id='word_1_189' title='bbox 439 1972 498 2003; x_wconf 87' lang='lat' dir='ltr'>eo</span> <span class='ocrx_word' id='word_1_190' title='bbox 523 1955 817 2005; x_wconf 85' lang='lat' dir='ltr'>execrabilis</span> <span class='ocrx_word' id='word_1_191' title='bbox 845 1954 960 2005; x_wconf 88' lang='lat' dir='ltr'>fuit.</span> 
     </span>
    </p>
   </div>
   <div class='ocr_carea' id='block_1_5' title="bbox 1535 1882 1786 1952">
    <p class='ocr_par' dir='ltr' id='par_1_7' title="bbox 1535 1882 1786 1952">
     <span class='ocr_line' id='line_1_26' title="bbox 1535 1882 1786 1952; baseline -0.008 -18"><span class='ocrx_word' id='word_1_192' title='bbox 1535 1882 1786 1952; x_wconf 87' lang='lat' dir='ltr'>Superbia</span> 
     </span>
    </p>
   </div>
   <div class='ocr_carea' id='block_1_6' title="bbox 196 2025 1786 2094">
    <p class='ocr_par' dir='ltr' id='par_1_8' title="bbox 196 2025 1786 2094">
     <span class='ocr_line' id='line_1_27' title="bbox 196 2025 1786 2094; baseline 0.002 -19"><span class='ocrx_word' id='word_1_193' title='bbox 196 2025 557 2094; x_wconf 87' lang='lat' dir='ltr'>Expeditiones</span> <span class='ocrx_word' id='word_1_194' title='bbox 584 2042 801 2094; x_wconf 90' lang='lat' dir='ltr'>quatuor</span> <span class='ocrx_word' id='word_1_195' title='bbox 823 2027 1018 2089; x_wconf 90' lang='lat' dir='ltr'>habuit,</span> <span class='ocrx_word' id='word_1_196' title='bbox 1045 2045 1198 2078; x_wconf 88' lang='lat' dir='ltr'>unam</span> <span class='ocrx_word' id='word_1_197' title='bbox 1236 2028 1473 2078; x_wconf 87' lang='lat' dir='ltr'>adversus</span> <span class='ocrx_word' id='word_1_198' title='bbox 1511 2028 1786 2087; x_wconf 81' lang='lat' dir='ltr'>SarmataS‚</span> 
     </span>
    </p>
   </div>
   <div class='ocr_carea' id='block_1_7' title="bbox 123 2100 1601 2161">
    <p class='ocr_par' dir='ltr' id='par_1_9' title="bbox 123 2100 1601 2161">
     <span class='ocr_line' id='line_1_28' title="bbox 123 2100 1601 2161; baseline 0.003 -13"><span class='ocrx_word' id='word_1_199' title='bbox 123 2100 333 2150; x_wconf 82' lang='lat' dir='ltr'>alteram</span> <span class='ocrx_word' id='word_1_200' title='bbox 381 2101 619 2151; x_wconf 87' lang='lat' dir='ltr'>adversus</span> <span class='ocrx_word' id='word_1_201' title='bbox 673 2100 872 2161; x_wconf 89' lang='lat' dir='ltr'>Cattos,</span> <span class='ocrx_word' id='word_1_202' title='bbox 921 2104 1045 2152; x_wconf 82' lang='lat' dir='ltr'>duas</span> <span class='ocrx_word' id='word_1_203' title='bbox 1096 2101 1362 2151; x_wconf 88' lang='lat' dir='ltr'>adversum</span> <span class='ocrx_word' id='word_1_204' title='bbox 1411 2100 1601 2152; x_wconf 86' lang='lat' dir='ltr'>Dacos.</span> 
     </span>
    </p>
   </div>
   <div class='ocr_carea' id='block_1_8' title="bbox 128 2234 930 2991">
    <p class='ocr_par' dir='ltr' id='par_1_10' title="bbox 130 2234 928 2337">
     <span class='ocr_line' id='line_1_29' title="bbox 187 2234 928 2287; baseline 0.003 -11"><span class='ocrx_word' id='word_1_205' title='bbox 187 2234 340 2287; x_wconf 72' lang='lat' dir='ltr'>Pater,</span> <span class='ocrx_word' id='word_1_206' title='bbox 372 2241 555 2279; x_wconf 76' lang='lat' dir='ltr'>mortuus</span> <span class='ocrx_word' id='word_1_207' title='bbox 589 2242 683 2278; x_wconf 78' lang='lat' dir='ltr'>erat</span> <span class='ocrx_word' id='word_1_208' title='bbox 704 2235 742 2278; x_wconf 83' lang='lat' dir='ltr'>is</span> <span class='ocrx_word' id='word_1_209' title='bbox 766 2235 928 2278; x_wconf 84' lang='lat' dir='ltr'>under-</span> 
     </span>
     <span class='ocr_line' id='line_1_30' title="bbox 130 2292 273 2337; baseline 0.021 -3"><span class='ocrx_word' id='word_1_210' title='bbox 130 2292 273 2337; x_wconf 81' lang='lat' dir='ltr'>stood.</span> 
     </span>
    </p>

    <p class='ocr_par' dir='ltr' id='par_1_11' title="bbox 128 2350 929 2510">
     <span class='ocr_line' id='line_1_31' title="bbox 187 2350 927 2408; baseline 0.001 -15"><span class='ocrx_word' id='word_1_211' title='bbox 187 2350 248 2393; x_wconf 83' lang='lat' dir='ltr'>In</span> <span class='ocrx_word' id='word_1_212' title='bbox 279 2351 451 2408; x_wconf 65' lang='lat' dir='ltr'>proprisi</span> <span class='ocrx_word' id='word_1_213' title='bbox 484 2352 673 2404; x_wconf 70' lang='lat' dir='ltr'>orbitate,</span> <span class='ocrx_word' id='word_1_214' title='bbox 693 2350 800 2408; x_wconf 76' lang='lat' dir='ltr'>they</span> <span class='ocrx_word' id='word_1_215' title='bbox 842 2351 927 2394; x_wconf 81' lang='lat' dir='ltr'>had</span> 
     </span>
     <span class='ocr_line' id='line_1_32' title="bbox 128 2408 929 2453; baseline 0.004 -3"><span class='ocrx_word' id='word_1_216' title='bbox 128 2408 216 2451; x_wconf 71' lang='lat' dir='ltr'>lost</span> <span class='ocrx_word' id='word_1_217' title='bbox 259 2425 284 2451; x_wconf 87' lang='lat' dir='ltr'>a</span> <span class='ocrx_word' id='word_1_218' title='bbox 325 2425 431 2452; x_wconf 80' lang='lat' dir='ltr'>near</span> <span class='ocrx_word' id='word_1_219' title='bbox 491 2409 672 2453; x_wconf 73' lang='lat' dir='ltr'>relative</span> <span class='ocrx_word' id='word_1_220' title='bbox 713 2410 765 2452; x_wconf 85' lang='lat' dir='ltr'>of</span> <span class='ocrx_word' id='word_1_221' title='bbox 813 2412 929 2453; x_wconf 79' lang='lat' dir='ltr'>their</span> 
     </span>
     <span class='ocr_line' id='line_1_33' title="bbox 128 2482 244 2510; baseline -0.009 0"><span class='ocrx_word' id='word_1_222' title='bbox 128 2482 244 2510; x_wconf 85' lang='lat' dir='ltr'>own.</span> 
     </span>
    </p>

    <p class='ocr_par' dir='ltr' id='par_1_12' title="bbox 128 2526 930 2991">
     <span class='ocr_line' id='line_1_34' title="bbox 187 2526 925 2579; baseline -0.001 -10"><span class='ocrx_word' id='word_1_223' title='bbox 187 2527 411 2579; x_wconf 75' lang='lat' dir='ltr'>Sarmatas,</span> <span class='ocrx_word' id='word_1_224' title='bbox 435 2528 511 2568; x_wconf 75' lang='lat' dir='ltr'>the</span> <span class='ocrx_word' id='word_1_225' title='bbox 532 2526 822 2579; x_wconf 66' lang='lat' dir='ltr'>Sarmatiam,</span> <span class='ocrx_word' id='word_1_226' title='bbox 847 2527 925 2569; x_wconf 87' lang='lat' dir='ltr'>the</span> 
     </span>
     <span class='ocr_line' id='line_1_35' title="bbox 129 2584 926 2637; baseline 0.003 -12"><span class='ocrx_word' id='word_1_227' title='bbox 129 2584 409 2627; x_wconf 69' lang='lat' dir='ltr'>inhabitants</span> <span class='ocrx_word' id='word_1_228' title='bbox 432 2584 485 2627; x_wconf 90' lang='lat' dir='ltr'>of</span> <span class='ocrx_word' id='word_1_229' title='bbox 517 2584 753 2637; x_wconf 75' lang='lat' dir='ltr'>Sarmatia,</span> <span class='ocrx_word' id='word_1_230' title='bbox 774 2600 830 2627; x_wconf 87' lang='lat' dir='ltr'>an</span> <span class='ocrx_word' id='word_1_231' title='bbox 854 2600 926 2627; x_wconf 75' lang='lat' dir='ltr'>ex·</span> 
     </span>
     <span class='ocr_line' id='line_1_36' title="bbox 130 2643 925 2699; baseline 0.003 -16"><span class='ocrx_word' id='word_1_232' title='bbox 130 2645 302 2685; x_wconf 75' lang='lat' dir='ltr'>tensive</span> <span class='ocrx_word' id='word_1_233' title='bbox 324 2654 511 2698; x_wconf 80' lang='lat' dir='ltr'>country</span> <span class='ocrx_word' id='word_1_234' title='bbox 549 2644 741 2686; x_wconf 82' lang='lat' dir='ltr'>situated</span> <span class='ocrx_word' id='word_1_235' title='bbox 783 2643 925 2699; x_wconf 80' lang='lat' dir='ltr'>partly</span> 
     </span>
     <span class='ocr_line' id='line_1_37' title="bbox 129 2701 929 2757; baseline 0 -15"><span class='ocrx_word' id='word_1_236' title='bbox 129 2701 175 2743; x_wconf 87' lang='lat' dir='ltr'>in</span> <span class='ocrx_word' id='word_1_237' title='bbox 202 2703 377 2757; x_wconf 80' lang='lat' dir='ltr'>Europe</span> <span class='ocrx_word' id='word_1_238' title='bbox 413 2703 497 2744; x_wconf 79' lang='lat' dir='ltr'>and</span> <span class='ocrx_word' id='word_1_239' title='bbox 531 2702 676 2757; x_wconf 86' lang='lat' dir='ltr'>partly</span> <span class='ocrx_word' id='word_1_240' title='bbox 717 2702 764 2745; x_wconf 88' lang='lat' dir='ltr'>in</span> <span class='ocrx_word' id='word_1_241' title='bbox 806 2701 929 2745; x_wconf 84' lang='lat' dir='ltr'>Asia.</span> 
     </span>
     <span class='ocr_line' id='line_1_38' title="bbox 128 2759 928 2814; baseline 0.001 -13"><span class='ocrx_word' id='word_1_242' title='bbox 128 2760 350 2802; x_wconf 75' lang='lat' dir='ltr'>Sarmatia</span> <span class='ocrx_word' id='word_1_243' title='bbox 391 2760 435 2801; x_wconf 81' lang='lat' dir='ltr'>in</span> <span class='ocrx_word' id='word_1_244' title='bbox 493 2761 669 2814; x_wconf 83' lang='lat' dir='ltr'>Europe</span> <span class='ocrx_word' id='word_1_245' title='bbox 720 2759 928 2803; x_wconf 67' lang='lat' dir='ltr'>included</span> 
     </span>
     <span class='ocr_line' id='line_1_39' title="bbox 130 2817 928 2874; baseline 0.001 -16"><span class='ocrx_word' id='word_1_246' title='bbox 130 2821 208 2860; x_wconf 71' lang='lat' dir='ltr'>the</span> <span class='ocrx_word' id='word_1_247' title='bbox 247 2817 431 2861; x_wconf 63' lang='lat' dir='ltr'>modern</span> <span class='ocrx_word' id='word_1_248' title='bbox 477 2818 717 2874; x_wconf 63' lang='lat' dir='ltr'>kingdoms</span> <span class='ocrx_word' id='word_1_249' title='bbox 757 2818 807 2861; x_wconf 88' lang='lat' dir='ltr'>of</span> <span class='ocrx_word' id='word_1_250' title='bbox 841 2819 928 2860; x_wconf 87' lang='lat' dir='ltr'>Po-</span> 
     </span>
     <span class='ocr_line' id='line_1_40' title="bbox 128 2875 927 2930; baseline 0 -12"><span class='ocrx_word' id='word_1_251' title='bbox 128 2875 252 2926; x_wconf 75' lang='lat' dir='ltr'>land,</span> <span class='ocrx_word' id='word_1_252' title='bbox 308 2876 486 2930; x_wconf 55' lang='lat' dir='ltr'>missia,</span> <span class='ocrx_word' id='word_1_253' title='bbox 541 2878 785 2919; x_wconf 79' lang='lat' dir='ltr'>Litlmania</span> <span class='ocrx_word' id='word_1_254' title='bbox 839 2876 927 2919; x_wconf 88' lang='lat' dir='ltr'>and</span> 
     </span>
     <span class='ocr_line' id='line_1_41' title="bbox 131 2935 930 2991; baseline -0.003 -12"><span class='ocrx_word' id='word_1_255' title='bbox 131 2936 257 2979; x_wconf 86' lang='lat' dir='ltr'>Crim</span> <span class='ocrx_word' id='word_1_256' title='bbox 279 2936 464 2991; x_wconf 63' lang='lat' dir='ltr'>Tartar)-</span> <span class='ocrx_word' id='word_1_257' title='bbox 514 2935 734 2979; x_wconf 84' lang='lat' dir='ltr'>Sarmatia</span> <span class='ocrx_word' id='word_1_258' title='bbox 752 2935 798 2978; x_wconf 89' lang='lat' dir='ltr'>in</span> <span class='ocrx_word' id='word_1_259' title='bbox 820 2935 930 2978; x_wconf 82' lang='lat' dir='ltr'>Asia</span> 
     </span>
    </p>
   </div>
   <div class='ocr_carea' id='block_1_9' title="bbox 1701 2101 1787 2152">
    <p class='ocr_par' dir='ltr' id='par_1_13' title="bbox 1701 2101 1787 2152">
     <span class='ocr_line' id='line_1_42' title="bbox 1701 2101 1787 2152; baseline -0.012 0"><span class='ocrx_word' id='word_1_260' title='bbox 1701 2101 1787 2152; x_wconf 89' lang='lat' dir='ltr'>De</span> 
     </span>
    </p>
   </div>
   <div class='ocr_carea' id='block_1_10' title="bbox 986 2234 1826 2992">
    <p class='ocr_par' dir='ltr' id='par_1_14' title="bbox 986 2234 1826 2875">
     <span class='ocr_line' id='line_1_43' title="bbox 987 2234 1826 2291; baseline 0.001 -14"><span class='ocrx_word' id='word_1_261' title='bbox 987 2234 1349 2291; x_wconf 79' lang='lat' dir='ltr'>comprehended</span> <span class='ocrx_word' id='word_1_262' title='bbox 1393 2235 1549 2277; x_wconf 85' lang='lat' dir='ltr'>within</span> <span class='ocrx_word' id='word_1_263' title='bbox 1594 2234 1650 2278; x_wconf 92' lang='lat' dir='ltr'>its</span> <span class='ocrx_word' id='word_1_264' title='bbox 1708 2249 1787 2278; x_wconf 83' lang='lat' dir='ltr'>an-</span> <span class='ocrx_word' id='word_1_265' title='bbox 1823 2286 1826 2287; x_wconf 15' lang='lat'><em>⁷</em></span> 
     </span>
     <span class='ocr_line' id='line_1_44' title="bbox 987 2293 1787 2337; baseline 0.004 -3"><span class='ocrx_word' id='word_1_266' title='bbox 987 2293 1107 2335; x_wconf 84' lang='lat' dir='ltr'>cient</span> <span class='ocrx_word' id='word_1_267' title='bbox 1141 2293 1407 2335; x_wconf 82' lang='lat' dir='ltr'>boundaries</span> <span class='ocrx_word' id='word_1_268' title='bbox 1451 2295 1526 2336; x_wconf 84' lang='lat' dir='ltr'>the</span> <span class='ocrx_word' id='word_1_269' title='bbox 1560 2296 1787 2337; x_wconf 81' lang='lat' dir='ltr'>countries</span> 
     </span>
     <span class='ocr_line' id='line_1_45' title="bbox 989 2351 1789 2395; baseline 0.001 -2"><span class='ocrx_word' id='word_1_270' title='bbox 989 2366 1088 2393; x_wconf 86' lang='lat' dir='ltr'>now</span> <span class='ocrx_word' id='word_1_271' title='bbox 1111 2351 1251 2394; x_wconf 85' lang='lat' dir='ltr'>called</span> <span class='ocrx_word' id='word_1_272' title='bbox 1276 2351 1498 2394; x_wconf 85' lang='lat' dir='ltr'>Circassia</span> <span class='ocrx_word' id='word_1_273' title='bbox 1536 2351 1622 2394; x_wconf 90' lang='lat' dir='ltr'>and</span> <span class='ocrx_word' id='word_1_274' title='bbox 1647 2352 1789 2395; x_wconf 81' lang='lat' dir='ltr'>Great</span> 
     </span>
     <span class='ocr_line' id='line_1_46' title="bbox 987 2409 1790 2466; baseline 0.001 -14"><span class='ocrx_word' id='word_1_275' title='bbox 987 2410 1294 2465; x_wconf 83' lang='lat' dir='ltr'>Tartary,and</span> <span class='ocrx_word' id='word_1_276' title='bbox 1329 2409 1405 2452; x_wconf 87' lang='lat' dir='ltr'>the</span> <span class='ocrx_word' id='word_1_277' title='bbox 1445 2418 1581 2453; x_wconf 82' lang='lat' dir='ltr'>states</span> <span class='ocrx_word' id='word_1_278' title='bbox 1619 2410 1790 2466; x_wconf 85' lang='lat' dir='ltr'>adjoin-</span> 
     </span>
     <span class='ocr_line' id='line_1_47' title="bbox 986 2468 1786 2524; baseline 0.001 -14"><span class='ocrx_word' id='word_1_279' title='bbox 986 2468 1064 2524; x_wconf 82' lang='lat' dir='ltr'>ing</span> <span class='ocrx_word' id='word_1_280' title='bbox 1087 2471 1227 2512; x_wconf 79' lang='lat' dir='ltr'>them.</span> <span class='ocrx_word' id='word_1_281' title='bbox 1258 2469 1355 2510; x_wconf 84' lang='lat' dir='ltr'>The</span> <span class='ocrx_word' id='word_1_282' title='bbox 1377 2468 1651 2512; x_wconf 80' lang='lat' dir='ltr'>Sarmatians</span> <span class='ocrx_word' id='word_1_283' title='bbox 1673 2483 1786 2511; x_wconf 86' lang='lat' dir='ltr'>were</span> 
     </span>
     <span class='ocr_line' id='line_1_48' title="bbox 986 2527 1787 2585; baseline 0.002 -16"><span class='ocrx_word' id='word_1_284' title='bbox 986 2541 1012 2569; x_wconf 86' lang='lat' dir='ltr'>a</span> <span class='ocrx_word' id='word_1_285' title='bbox 1042 2527 1176 2569; x_wconf 83' lang='lat' dir='ltr'>brave</span> <span class='ocrx_word' id='word_1_286' title='bbox 1215 2527 1302 2569; x_wconf 86' lang='lat' dir='ltr'>aud</span> <span class='ocrx_word' id='word_1_287' title='bbox 1345 2527 1573 2582; x_wconf 82' lang='lat' dir='ltr'>powerful‚</span> <span class='ocrx_word' id='word_1_288' title='bbox 1614 2528 1787 2585; x_wconf 85' lang='lat' dir='ltr'>though</span> 
     </span>
     <span class='ocr_line' id='line_1_49' title="bbox 991 2584 1784 2641; baseline 0 -14"><span class='ocrx_word' id='word_1_289' title='bbox 991 2600 1047 2627; x_wconf 87' lang='lat' dir='ltr'>an</span> <span class='ocrx_word' id='word_1_290' title='bbox 1091 2584 1355 2628; x_wconf 87' lang='lat' dir='ltr'>uncivilized</span> <span class='ocrx_word' id='word_1_291' title='bbox 1408 2588 1578 2641; x_wconf 80' lang='lat' dir='ltr'>people.</span> <span class='ocrx_word' id='word_1_292' title='bbox 1655 2585 1784 2641; x_wconf 79' lang='lat' dir='ltr'>They</span> 
     </span>
     <span class='ocr_line' id='line_1_50' title="bbox 987 2644 1789 2702; baseline 0.001 -17"><span class='ocrx_word' id='word_1_293' title='bbox 987 2644 1216 2702; x_wconf 79' lang='lat' dir='ltr'>generally</span> <span class='ocrx_word' id='word_1_294' title='bbox 1239 2644 1355 2686; x_wconf 86' lang='lat' dir='ltr'>lived</span> <span class='ocrx_word' id='word_1_295' title='bbox 1388 2658 1445 2686; x_wconf 85' lang='lat' dir='ltr'>on</span> <span class='ocrx_word' id='word_1_296' title='bbox 1477 2645 1592 2687; x_wconf 88' lang='lat' dir='ltr'>their</span> <span class='ocrx_word' id='word_1_297' title='bbox 1629 2658 1789 2687; x_wconf 88' lang='lat' dir='ltr'>moun-</span> 
     </span>
     <span class='ocr_line' id='line_1_51' title="bbox 988 2701 1789 2757; baseline -0.001 -13"><span class='ocrx_word' id='word_1_298' title='bbox 988 2703 1104 2744; x_wconf 83' lang='lat' dir='ltr'>tains</span> <span class='ocrx_word' id='word_1_299' title='bbox 1147 2702 1337 2745; x_wconf 82' lang='lat' dir='ltr'>without</span> <span class='ocrx_word' id='word_1_300' title='bbox 1375 2716 1462 2757; x_wconf 87' lang='lat' dir='ltr'>any</span> <span class='ocrx_word' id='word_1_301' title='bbox 1497 2701 1610 2745; x_wconf 83' lang='lat' dir='ltr'>fixed</span> <span class='ocrx_word' id='word_1_302' title='bbox 1662 2702 1789 2744; x_wconf 76' lang='lat' dir='ltr'>habi-</span> 
     </span>
     <span class='ocr_line' id='line_1_52' title="bbox 992 2760 1786 2817; baseline 0.001 -15"><span class='ocrx_word' id='word_1_303' title='bbox 992 2761 1172 2814; x_wconf 77' lang='lat' dir='ltr'>tations,</span> <span class='ocrx_word' id='word_1_304' title='bbox 1212 2760 1299 2803; x_wconf 85' lang='lat' dir='ltr'>and</span> <span class='ocrx_word' id='word_1_305' title='bbox 1342 2760 1563 2804; x_wconf 74' lang='lat' dir='ltr'>subsisted</span> <span class='ocrx_word' id='word_1_306' title='bbox 1623 2760 1786 2817; x_wconf 80' lang='lat' dir='ltr'>chiefly</span> 
     </span>
     <span class='ocr_line' id='line_1_53' title="bbox 988 2818 1273 2875; baseline 0 -14"><span class='ocrx_word' id='word_1_307' title='bbox 988 2818 1046 2875; x_wconf 89' lang='lat' dir='ltr'>by</span> <span class='ocrx_word' id='word_1_308' title='bbox 1071 2818 1273 2872; x_wconf 87' lang='lat' dir='ltr'>plunder.</span> 
     </span>
    </p>

    <p class='ocr_par' dir='ltr' id='par_1_15' title="bbox 991 2875 1795 2992">
     <span class='ocr_line' id='line_1_54' title="bbox 1048 2875 1795 2936; baseline -0.003 -15"><span class='ocrx_word' id='word_1_309' title='bbox 1048 2877 1202 2929; x_wconf 80' lang='lat' dir='ltr'>Cattos,</span> <span class='ocrx_word' id='word_1_310' title='bbox 1225 2877 1303 2921; x_wconf 86' lang='lat' dir='ltr'>the</span> <span class='ocrx_word' id='word_1_311' title='bbox 1334 2876 1472 2933; x_wconf 77' lang='lat' dir='ltr'>catti,</span> <span class='ocrx_word' id='word_1_312' title='bbox 1503 2891 1529 2922; x_wconf 87' lang='lat' dir='ltr'>a</span> <span class='ocrx_word' id='word_1_313' title='bbox 1549 2876 1707 2936; x_wconf 87' lang='lat' dir='ltr'>people</span> <span class='ocrx_word' id='word_1_314' title='bbox 1743 2875 1795 2921; x_wconf 80' lang='lat' dir='ltr'>of</span> 
     </span>
     <span class='ocr_line' id='line_1_55' title="bbox 991 2935 1235 2992; baseline -0.004 -13"><span class='ocrx_word' id='word_1_315' title='bbox 991 2935 1235 2992; x_wconf 87' lang='lat' dir='ltr'>Germany.</span> 
     </span>
    </p>
   </div>
  </div>
 </body>
</html>
