1923 3237
624 215 812 258 LIBER,
841 212 1162 260 SEPTIMUS.
1693 220 1748 260 79

80 332 240 386 Dacis
277 333 543 402 Cattisque
582 334 842 402 duplicem
884 334 1094 402 quidem
1137 335 1460 403 triumphum
1503 336 1643 405 egit3
1683 336 1748 386 de

82 407 327 458 Sarmatis
355 409 512 458 solam
540 407 764 457 lauream
809 408 1087 475 usurpavit.
1161 408 1358 460 Multas
1382 407 1592 477 quidem
1618 409 1750 459 cala-

84 480 286 531 mitates
312 480 491 531 iisdem
531 479 676 531 bellis
701 494 878 548 passus
903 492 1000 542 est,
1023 497 1144 531 narn
1169 480 1222 530 in
1247 478 1498 533 Sarmatia
1522 481 1748 550 legiones

84 553 197 621 ejus
243 570 363 603 cum
410 553 540 603 duce
581 551 900 614 interfectae,
926 566 979 603 et
1018 571 1047 604 a
1091 551 1251 605 Dacis
1292 554 1498 623 Appius
1523 553 1745 606 Sabinus

84 625 362 677 consularis
407 638 457 676 et
483 624 752 676 Cornelius
792 625 1008 687 Fuscus,
1047 626 1320 694 p··².fectus
1345 627 1603 696 praetori0‚
1628 644 1748 678 cum

83 699 281 767 magnis
324 699 628 750 exercitibus
677 698 833 750 occisi
883 710 1019 750 sunt.
1094 698 1282 752 Romae
1333 717 1541 769 quoque
1589 701 1750 751 multa

84 788 237 839 opera
285 770 428 834 fecit,
480 771 532 821 in
582 771 662 821 his
712 771 1011 840 capitolium
1060 784 1113 823 et
1161 772 1333 824 forum
1384 773 1750 836 transitorium,

86 845 295 903 odeum,
320 844 573 903 Porticu3‚
593 844 754 895 Isium
781 862 838 896 ac
864 843 1153 912 Serapium,
1179 859 1229 897 et
1254 845 1507 898 Stadium.

157 916 360 968 Verfim
385 915 507 969 etun
533 916 599 968 ob
640 919 828 968 scelera
868 918 1113 970 universis
1147 936 1331 971 exosus
1357 936 1466 971 esse
1492 917 1753 986 coepisset,

85 989 385 1042 interfectus
407 1003 483 1042 est
510 1007 719 1041 suorum
741 990 1093 1061 conjuratione
1121 992 1173 1042 in
1198 992 1404 1062 palatio,
1431 1009 1565 1043 anno
1590 991 1754 1042 aetatis

87 1063 477 1134 quadragesimo
494 1064 694 1130 quinto,
713 1064 913 1132 imperii
930 1065 1111 1132 quinto
1129 1065 1346 1118 decimo·
1422 1065 1600 1117 Funus
1621 1066 1751 1135 ejuS,

85 1153 206 1187 cum
232 1136 426 1205 ingenti
454 1137 703 1188 dedecore
738 1155 828 1206 per
870 1136 1199 1206 Vespillones
1240 1150 1566 1209 exportatum
1604 1139 1752 1208 igno-

86 1209 253 1260 biliter
278 1220 355 1260 est
381 1209 654 1279 sepultum.

147 1366 381 1425 Proesectus
415 1367 631 1422 praetorio,
672 1365 888 1425 aprefect
949 1366 1045 1424 ples
1088 1367 1142 1412 of
1166 1367 1253 1412 Isis
1289 1366 1378 1411 and
1411 1365 1606 1424 Serapis,
1641 1365 1755 1410 eele-

86 1426 138 1471 of
153 1427 231 1468 the
252 1426 495 1482 praetorian
516 1426 690 1469 cohort.
948 1426 1106 1470 brated
1161 1426 1318 1473 deities
1379 1427 1432 1471 of
1487 1426 1565 1471 the
1605 1426 1758 1486 Egyp-

147 1485 281 1528 Isium
318 1500 366 1528 ac
404 1485 634 1542 Serapium,
655 1484 733 1529 the
775 1493 886 1530 tem·
948 1485 1083 1531 tians.
